2752 4284
204 369 241 419 92

642 367 717 416 ΑΘΕ
794 421 797 425 ,

286 551 346 602 stat
365 543 475 603 dubius
491 545 695 621 tremulusque
709 556 810 614 senex,
825 562 1005 622 semperque
1019 547 1166 606 malorum

327 643 474 712 credulus,
496 650 527 701 et
547 643 651 701 stultus
673 659 752 718 quae
772 643 843 701 facit
863 635 927 720 ipse
947 644 1041 703 timet.

286 740 392 798 laudat
411 739 595 816 praeteritos,
617 748 791 816 praesentes
812 740 941 817 despicit
960 758 1074 816 annos;
1138 728 1141 734 ¹

326 836 386 894 hoc
406 828 524 895 tantum
545 846 667 908 rectum,
691 838 774 914 quod
796 838 875 914 sapit
895 838 968 914 ipse,
990 846 1085 915 putat.

286 952 319 993 se
339 935 434 993 solum
456 935 588 1005 doctum,
611 952 644 993 se
664 935 777 993 iudicat
798 953 863 993 esse
883 936 1021 1011 peritum,

327 1039 358 1090 et
378 1033 462 1108 quod
483 1032 520 1091 sit
540 1032 661 1109 sapiens
682 1032 792 1109 desipit
812 1031 885 1091 inde
905 1033 1008 1110 magis.

284 1130 380 1188 multa
401 1129 471 1188 licet
491 1131 579 1189 nobis
600 1130 731 1189 referens
752 1131 922 1208 eademque
942 1132 1099 1191 revolvens

325 1227 427 1286 horret
447 1234 478 1286 et
496 1227 662 1304 alloquium
683 1229 824 1305 conspuit
843 1229 908 1305 ipse
928 1247 1024 1288 suum.

287 1323 390 1382 deficit
409 1315 539 1395 auditor,
559 1343 622 1384 non
643 1326 746 1384 deficit
766 1326 831 1402 ipse
852 1326 1017 1402 loquendo.

327 1439 346 1480 o
367 1423 431 1481 sola
451 1422 541 1482 fortes
561 1423 731 1501 garrulitate
751 1423 854 1482 serres!
940 1430 943 1437 “

284 1519 387 1579 omnia
406 1521 614 1597 nequidquam
635 1521 774 1581 clamosis
793 1521 917 1580 vocibus
938 1522 1056 1598 implet;

325 1617 367 1674 nil
387 1618 459 1677 satis
480 1626 534 1689 est,
556 1620 658 1678 horret
679 1637 759 1696 quae
779 1620 921 1696 placuere
941 1621 1044 1679 modo.

283 1716 395 1775 arridet
416 1717 455 1775 de
477 1709 698 1776 se'ridentibus
719 1735 755 1776 ac
775 1718 832 1776 sibi
852 1718 1001 1794 plaudens

325 1813 430 1890 incipit
451 1814 613 1891 opprobrio
634 1815 739 1874 laetior
759 1833 826 1874 esse
846 1832 910 1874 suo.

286 1909 345 1970 hae
365 1919 435 1970 sunt
455 1912 604 1988 primitiae
623 1913 736 1983 mortis,
758 1913 805 1972 his
825 1914 960 1989 partibus
981 1921 1064 1973 aetas

325 2010 431 2069 defluit
451 2019 481 2070 et
500 2011 589 2088 pign's
609 2012 758 2088 gressibus
778 2012 840 2070 ima
859 2012 943 2088 petit.

284 2126 348 2166 non
368 2108 498 2178 habitus,
520 2127 584 2168 non
605 2109 669 2185 ipse
690 2110 781 2180 color,
803 2128 867 2168 non
886 2128 1003 2187 gressus
1026 2110 1132 2181 euntis

323 2223 387 2264 non
407 2205 523 2282 species
544 2207 652 2264 eadem
674 2221 753 2283 quae
773 2207 828 2265 fuit
848 2215 919 2266 ante
939 2214 1051 2266 manet.

284 2300 392 2362 labitur
412 2321 450 2361 ex
470 2303 580 2363 umeris
601 2305 732 2363 demisso
753 2323 879 2382 corpore
899 2305 997 2375 vestis,

324 2419 464 2478 quaeque
483 2401 582 2461 brevis
602 2402 698 2461 fuerat
717 2403 778 2462 iam
798 2404 892 2461 modo
913 2403 1004 2479 longa
1023 2402 1098 2460 mihi
1109 2410 1163 2462 est.

282 2499 487 2558 contrahimur
507 2500 645 2577 miroque
665 2501 759 2559 modo
781 2501 980 2559 decrescimus
991 2520 1010 2576 ;Ι
1022 2500 1088 2577 ipsa

323 2597 450 2656 diminui
471 2597 564 2656 nostn‘
583 2599 716 2674 corporis
738 2616 806 2657 ossa
825 2607 922 2675 putes.
1008 2588 1011 2594 ¹
1162 2675 1166 2681 Ι

283 2712 340 2753 nec
362 2695 478 2753 caelum
499 2703 634 2772 spectare
654 2695 731 2768 licet,
753 2697 807 2754 sed
827 2714 925 2773 prona
945 2703 1084 2754 senectus

322 2799 439 2862 terram,
462 2810 523 2869 qua
542 2795 643 2869 genita
663 2800 716 2862 est,
739 2811 831 2870 quam
853 2794 992 2863 reditura,
1014 2792 1110 2867 videt;

282 2889 376 2965 fitque
397 2890 496 2967 tripes,
518 2908 638 2966 prorsus
654 2891 836 2967 quadrupes,
851 2897 884 2949 ut
897 2891 1039 2967 parvulus
1052 2890 1162 2966 infans,

323 2994 354 3044 et
372 3005 427 3063 per
445 2988 628 3063 sordentem,
650 2988 757 3058 flebile,
779 2989 855 3064 repit
875 2988 1010 3046 humum.

281 3091 363 3143 ortus
384 3092 493 3143 cuncta
513 3102 584 3144 suos
604 3093 744 3161 repetunt
764 3093 953 3162 matremque
973 3084 1136 3162 requirunt,

321 3188 352 3240 et
371 3182 449 3241 redit
469 3184 510 3241 ad
530 3183 658 3241 nihilum
679 3185 763 3261 quod
785 3184 839 3241 fuit
863 3192 935 3242 ante
956 3183 1039 3242 nihil.

282 3277 353 3338 hinc
374 3287 419 3338 est
439 3280 524 3356 quod
544 3280 652 3339 baculo
673 3280 852 3339 incumbens
872 3281 985 3339 ruitura
1006 3287 1147 3340 senectus

296 3433 301 3441 ,
321 3376 444 3436 assiduo
464 3377 579 3454 pigram
600 3379 725 3438 verbere
745 3379 844 3455 pulsat
865 3378 999 3448 humum,

280 3482 312 3533 et
332 3492 493 3534 numerosa
511 3494 638 3536 movens
658 3477 764 3536 crebro
784 3476 907 3554 vestigia
926 3494 1026 3553 passu,

321 3572 393 3631 talia
412 3581 517 3650 rugato
538 3574 668 3633 creditur
688 3593 740 3634 ore
760 3574 858 3650 loqui:

279 3668 399 3746 suscipe
419 3688 477 3741 me,
499 3673 634 3747 genitrix,
656 3672 720 3731 nati
740 3671 880 3731 miserere
900 3671 1045 3741 laborum,

321 3768 457 3827 membra
476 3770 549 3828 velis
569 3769 682 3846 gremio
704 3770 781 3828 fessa
802 3769 903 3828 fovere
923 3778 985 3828 tuo.
