2752 4284
685 334 862 383 SPA—SPI

353 521 446 590 utque
467 514 505 572 sit
525 532 563 572 ex
583 515 667 573 omni
687 522 873 573 constructus
895 533 1019 591 corpore
1039 517 1178 588 mundus,

340 611 438 682 aeris
460 619 553 688 atque
574 612 649 689 ignis
670 612 788 682 summi,
811 620 975 690 terraeque,
998 614 1156 691 marisque,

353 708 484 787 (spiritus
505 718 535 768 at
555 718 652 769 totum
672 710 750 786 rapit
770 718 862 786 atque
882 710 914 767 in
934 710 1014 769 iussa
1034 712 1192 789 gubernat)

351 807 394 866 sic
414 826 479 867 esse
499 807 531 865 in
551 808 640 866 nobis
660 815 799 867 terrenae
820 826 946 884 corpora
966 809 1053 867 sortis

351 905 590 981 sanguineasque
611 905 726 964 animas
748 905 859 974 animo,
882 905 934 982 qui
955 914 1065 964 cuncta
1085 907 1231 984 gubernat

351 1001 566 1079 dispensatque
576 1002 814 1079 hominemiqui
822 1002 938 1072 mirum,
948 1021 1072 1062 noscere
1082 1007 1231 1064 mundum

350 1099 374 1158 si
393 1107 520 1176 possunt
540 1100 688 1171 homines,
712 1101 821 1177 quibus
843 1108 888 1158 est
908 1108 938 1158 et
958 1102 1090 1159 mundus
1104 1103 1136 1159 in
1150 1103 1229 1180 ipsis,

349 1197 582 1274 exemplumque
610 1199 661 1257 dei
689 1199 818 1275 quisque
847 1206 891 1256 est
912 1197 944 1255 in
965 1198 1096 1275 imagine
1116 1202 1230 1276 parva?

347 1314 389 1354 an
409 1314 564 1373 quoquam
584 1297 709 1374 genitos,
730 1297 788 1355 nisi
808 1296 901 1366 caelo,
924 1298 1046 1355 credere
1067 1298 1111 1356 sas
1133 1307 1177 1357 est

348 1412 413 1453 esse
433 1394 593 1453 homines?
867 1392 977 1452 Mam'l.
999 1411 1028 1468 4.
1050 1393 1188 1473 886-897.

269 1490 500 1568 SPAIN.—Calp.
523 1489 580 1549 Stc.
603 1509 631 1565 4.
654 1491 764 1567 38·42;
792 1490 894 1550 Claud.
915 1492 1011 1549 Laud.
1037 1488 1098 1550 Ser.
1124 1494 1227 1570 50-78.

268 1587 540 1648 sisaram-Stat.
568 1589 650 1648 Theb.
673 1590 702 1648 8.
723 1602 827 1665 432-7,
853 1605 897 1648 10.
919 1603 1065 1666 495·507.

267 1702 493 1746 sracununou.

346 1785 394 1844 ille
415 1793 507 1844 tenax
527 1785 620 1844 animi
641 1787 800 1863 nullosque
821 1786 931 1844 effusus
951 1785 983 1843 in
1003 1804 1073 1845 usus

346 1883 479 1942 attribuit
499 1885 596 1943 varios
618 1892 759 1960 quaestus
780 1891 936 1960 artemque
956 1886 1105 1942 lucrorum
1112 1904 1119 1959 ;
1215 1926 1217 1931 .

343 1998 443 2039 merce
463 1981 619 2063 peregrina
639 1981 789 2039 fortunam
811 1981 886 2040 ferre
905 1999 960 2057 per
979 1982 1068 2041 urbes
1106 2016 1109 2023 ·

347 2085 378 2137 et
397 2079 498 2154 gravia
519 2097 661 2138 annonae
682 2079 890 2155 speculantem
911 2079 1052 2138 incendia
1073 2081 1169 2139 ventis

346 2176 468 2234 credere
489 2194 572 2252 opes
595 2176 736 2253 orbisque
757 2176 923 2235 urbi-bona
944 2178 1075 2236 vendere
1095 2196 1193 2254 posse,

344 2280 450 2348 totque
470 2291 524 2349 per
545 2273 662 2350 ignotas
683 2273 863 2333 commercia
883 2273 1004 2351 iungere
1025 2282 1126 2344 terras

344 2377 435 2446 atque
456 2370 514 2428 alio
535 2371 590 2428 sub
612 2371 676 2453 sole
697 2389 790 2430 novas
812 2371 968 2447 exquirere
987 2373 1125 2448 praedas,

343 2475 374 2525 et
393 2486 491 2526 rerum
512 2469 608 2545 pretio
630 2468 746 2528 subitos
766 2487 951 2545 componere
971 2488 1086 2528 census

856 2563 967 2624 Manil.
988 2585 1017 2641 4.
1043 2566 1182 2644 165·172.

264 2663 497 2740 SPEED.-Varg.
527 2663 600 2722 Aen.
629 2676 656 2739 7.
686 2662 836 2741 807·811;
863 2660 939 2721 Stat.
965 2663 1048 2722 Ilzeb.
1070 2663 1098 2724 6.
1110 2679 1221 2742 405-93

429 2760 532 2819 Claud.
563 2761 626 2819 III
650 2761 732 2820 Cous.
754 2761 836 2820 Han.
861 2776 1008 2838 197-2oo;
1030 2763 1119 2838 Rapt.
1140 2763 1221 2822 Prot.

423 2875 450 2916 2.
476 2858 617 2935 198-201.
1066 2864 1068 2869 '

264 2955 563 3014 SPHEREse-Claud.
584 2956 647 3014 III
666 2955 748 3015 Cous.
769 2956 850 3015 Hau.
876 2954 976 3031 164-8.

423 3055 527 3123 (music
549 3052 593 3131 of)

341 3150 416 3208 vidit
437 3158 467 3209 et
487 3151 622 3211 aetherio
643 3154 792 3210 mundum
813 3153 978 3229 torquerier
998 3171 1056 3212 axe

340 3257 371 3307 et
390 3257 507 3325 septem
527 3250 657 3309 aeternis
678 3251 810 3309 sonitum
831 3252 904 3309 dare
925 3251 1049 3310 vocibus
1070 3252 1158 3311 orbes

340 3346 469 3405 nitentes
489 3347 555 3406 aliis
576 3347 658 3418 alios,
681 3366 760 3425 quae
780 3347 913 3407 maxima
934 3349 1037 3406 divum

340 3443 454 3503 laetitia
474 3453 527 3504 est.
928 3443 1016 3504 Varro
1037 3444 1179 3504 Atacinus

260 3539 507 3601 suumn-Stat.
532 3543 615 3601 Hel.
639 3560 665 3601 2.
688 3543 832 3620 504-518.

261 3639 476 3699 sucus—Oa.
507 3639 580 3698 Met.
616 3655 660 3717 15.
692 3640 801 3719 398-9;
833 3638 908 3700 Stat.
929 3638 984 3699 Szl.
1007 3655 1035 3718 5.
1060 3658 1084 3700 1.
1107 3656 1216 3717 211-4;

425 3736 527 3797 Claud.
548 3740 642 3816 Nupt.
664 3739 744 3797 Han.
766 3737 847 3798 Mar.
870 3739 953 3818 92·6.
