<?xml version="1.0" encoding="UTF-8"?>
<!DOCTYPE html PUBLIC "-//W3C//DTD XHTML 1.0 Transitional//EN"
    "http://www.w3.org/TR/xhtml1/DTD/xhtml1-transitional.dtd">
<html xmlns="http://www.w3.org/1999/xhtml" xml:lang="en" lang="en">
 <head>
  <title>
</title>
<meta http-equiv="Content-Type" content="text/html;charset=utf-8" />
  <meta name='ocr-system' content='tesseract 3.04.00' />
  <meta name='ocr-capabilities' content='ocr_page ocr_carea ocr_par ocr_line ocrx_word'/>
</head>
<body>
  <div class='ocr_page' id='page_1' title='image "./poetarumlatinor00benegoog_0101.png"; bbox 0 0 2752 4284; ppageno 0'>
   <div class='ocr_carea' id='block_1_1' title="bbox 265 357 842 414">
    <p class='ocr_par' dir='ltr' id='par_1_1' title="bbox 265 357 842 414">
     <span class='ocr_line' id='line_1_1' title="bbox 265 357 842 414; baseline 0.005 -3"><span class='ocrx_word' id='word_1_1' title='bbox 265 357 299 408; x_wconf 88' lang='lat'>86</span> <span class='ocrx_word' id='word_1_2' title='bbox 635 367 842 414; x_wconf 78' lang='lat' dir='ltr'>WIN—WIT</span> 
     </span>
    </p>
   </div>
   <div class='ocr_carea' id='block_1_2' title="bbox 263 543 1232 3260">
    <p class='ocr_par' dir='ltr' id='par_1_2' title="bbox 263 543 1228 1208">
     <span class='ocr_line' id='line_1_2' title="bbox 263 543 1132 621; baseline 0.005 -19"><span class='ocrx_word' id='word_1_3' title='bbox 263 559 444 602; x_wconf 78' lang='lat' dir='ltr'>WINTER.—</span> <span class='ocrx_word' id='word_1_4' title='bbox 452 545 529 621; x_wconf 82' lang='lat' dir='ltr'>Verg.</span> <span class='ocrx_word' id='word_1_5' title='bbox 556 543 657 620; x_wconf 80' lang='lat' dir='ltr'>Georg.</span> <span class='ocrx_word' id='word_1_6' title='bbox 682 561 707 604; x_wconf 92' lang='lat'>1.</span> <span class='ocrx_word' id='word_1_7' title='bbox 730 560 882 621; x_wconf 80' lang='lat'>299-3103</span> <span class='ocrx_word' id='word_1_8' title='bbox 903 546 973 603; x_wconf 92' lang='lat' dir='ltr'>Luc.</span> <span class='ocrx_word' id='word_1_9' title='bbox 995 563 1024 619; x_wconf 80' lang='lat'>4.</span> <span class='ocrx_word' id='word_1_10' title='bbox 1046 560 1132 621; x_wconf 79' lang='lat' dir='ltr'><strong>5o·3.</strong></span> 
     </span>
     <span class='ocr_line' id='line_1_3' title="bbox 342 643 1170 719; baseline 0.002 -19"><span class='ocrx_word' id='word_1_11' title='bbox 342 648 459 718; x_wconf 87' lang='lat' dir='ltr'>partem</span> <span class='ocrx_word' id='word_1_12' title='bbox 480 661 518 700; x_wconf 86' lang='lat' dir='ltr'><strong>ex</strong></span> <span class='ocrx_word' id='word_1_13' title='bbox 538 643 665 700; x_wconf 91' lang='lat' dir='ltr'>adverso</span> <span class='ocrx_word' id='word_1_14' title='bbox 686 643 811 701; x_wconf 84' lang='lat' dir='ltr'>brumae</span> <span class='ocrx_word' id='word_1_15' title='bbox 831 643 1022 719; x_wconf 85' lang='lat' dir='ltr'>capricornus</span> <span class='ocrx_word' id='word_1_16' title='bbox 1043 644 1170 703; x_wconf 88' lang='lat' dir='ltr'>inertem</span> 
     </span>
     <span class='ocr_line' id='line_1_4' title="bbox 342 740 1077 817; baseline 0.003 -19"><span class='ocrx_word' id='word_1_17' title='bbox 342 758 398 817; x_wconf 90' lang='lat' dir='ltr'>per</span> <span class='ocrx_word' id='word_1_18' title='bbox 417 740 555 798; x_wconf 91' lang='lat' dir='ltr'>minimas</span> <span class='ocrx_word' id='word_1_19' title='bbox 577 740 657 816; x_wconf 87' lang='lat' dir='ltr'>cogit</span> <span class='ocrx_word' id='word_1_20' title='bbox 677 740 758 799; x_wconf 88' lang='lat' dir='ltr'>luces</span> <span class='ocrx_word' id='word_1_21' title='bbox 779 746 809 799; x_wconf 92' lang='lat' dir='ltr'>et</span> <span class='ocrx_word' id='word_1_22' title='bbox 828 740 960 800; x_wconf 86' lang='lat' dir='ltr'>maxima</span> <span class='ocrx_word' id='word_1_23' title='bbox 980 742 1077 800; x_wconf 88' lang='lat' dir='ltr'>noctis</span> 
     </span>
     <span class='ocr_line' id='line_1_5' title="bbox 343 844 560 913; baseline 0 -19"><span class='ocrx_word' id='word_1_24' title='bbox 343 844 499 913; x_wconf 89' lang='lat' dir='ltr'>tempora.</span> <span class='ocrx_word' id='word_1_25' title='bbox 514 881 560 895; x_wconf 88' lang='lat'>...</span> 
     </span>
     <span class='ocr_line' id='line_1_6' title="bbox 343 935 1228 1012; baseline 0.003 -20"><span class='ocrx_word' id='word_1_26' title='bbox 343 943 414 993; x_wconf 91' lang='lat' dir='ltr'>tunc</span> <span class='ocrx_word' id='word_1_27' title='bbox 432 935 506 1012; x_wconf 88' lang='lat' dir='ltr'>riget</span> <span class='ocrx_word' id='word_1_28' title='bbox 520 935 619 993; x_wconf 92' lang='lat' dir='ltr'>omnis</span> <span class='ocrx_word' id='word_1_29' title='bbox 633 953 711 1012; x_wconf 91' lang='lat' dir='ltr'>ager,</span> <span class='ocrx_word' id='word_1_30' title='bbox 727 935 860 993; x_wconf 92' lang='lat' dir='ltr'>clausum</span> <span class='ocrx_word' id='word_1_31' title='bbox 874 953 965 1005; x_wconf 90' lang='lat' dir='ltr'>mare,</span> <span class='ocrx_word' id='word_1_32' title='bbox 981 936 1105 995; x_wconf 90' lang='lat' dir='ltr'>condita</span> <span class='ocrx_word' id='word_1_33' title='bbox 1118 945 1228 1008; x_wconf 89' lang='lat' dir='ltr'>castra,</span> 
     </span>
     <span class='ocr_line' id='line_1_7' title="bbox 343 1032 1083 1104; baseline 0.005 -16"><span class='ocrx_word' id='word_1_34' title='bbox 343 1049 400 1091; x_wconf 92' lang='lat' dir='ltr'>nec</span> <span class='ocrx_word' id='word_1_35' title='bbox 421 1033 551 1092; x_wconf 86' lang='lat' dir='ltr'>tolerant</span> <span class='ocrx_word' id='word_1_36' title='bbox 570 1033 686 1091; x_wconf 90' lang='lat' dir='ltr'>medias</span> <span class='ocrx_word' id='word_1_37' title='bbox 707 1032 822 1091; x_wconf 85' lang='lat' dir='ltr'><strong>hiemes</strong></span> <span class='ocrx_word' id='word_1_38' title='bbox 842 1035 982 1092; x_wconf 78' lang='lat' dir='ltr'>sudantia</span> <span class='ocrx_word' id='word_1_39' title='bbox 1002 1052 1083 1104; x_wconf 88' lang='lat' dir='ltr'>saxa,</span> 
     </span>
     <span class='ocr_line' id='line_1_8' title="bbox 344 1130 1124 1208; baseline -0.001 -19"><span class='ocrx_word' id='word_1_40' title='bbox 344 1137 463 1207; x_wconf 92' lang='lat' dir='ltr'>statque</span> <span class='ocrx_word' id='word_1_41' title='bbox 483 1148 545 1188; x_wconf 92' lang='lat' dir='ltr'>uno</span> <span class='ocrx_word' id='word_1_42' title='bbox 567 1138 675 1189; x_wconf 91' lang='lat' dir='ltr'>natura</span> <span class='ocrx_word' id='word_1_43' title='bbox 696 1130 767 1188; x_wconf 93' lang='lat' dir='ltr'>loco</span> <span class='ocrx_word' id='word_1_44' title='bbox 784 1131 967 1207; x_wconf 84' lang='lat' dir='ltr'>paulumque</span> <span class='ocrx_word' id='word_1_45' title='bbox 988 1131 1124 1208; x_wconf 84' lang='lat' dir='ltr'>quiescit.</span> 
     </span>
    </p>

    <p class='ocr_par' dir='ltr' id='par_1_3' title="bbox 266 1227 1232 3260">
     <span class='ocr_line' id='line_1_9' title="bbox 858 1227 1184 1305; baseline 0.003 -18"><span class='ocrx_word' id='word_1_46' title='bbox 858 1227 968 1287; x_wconf 83' lang='lat' dir='ltr'>Mam&#39;l.</span> <span class='ocrx_word' id='word_1_47' title='bbox 991 1245 1018 1303; x_wconf 80' lang='lat'>3.</span> <span class='ocrx_word' id='word_1_48' title='bbox 1041 1227 1184 1305; x_wconf 79' lang='lat'><strong>637·643.</strong></span> 
     </span>
     <span class='ocr_line' id='line_1_10' title="bbox 343 1326 1144 1402; baseline -0.001 -17"><span class='ocrx_word' id='word_1_49' title='bbox 343 1344 412 1385; x_wconf 91' lang='lat' dir='ltr'>cum</span> <span class='ocrx_word' id='word_1_50' title='bbox 434 1344 541 1385; x_wconf 89' lang='lat' dir='ltr'>nemus</span> <span class='ocrx_word' id='word_1_51' title='bbox 562 1343 655 1384; x_wconf 91' lang='lat' dir='ltr'>omne</span> <span class='ocrx_word' id='word_1_52' title='bbox 674 1343 729 1384; x_wconf 90' lang='lat' dir='ltr'>suo</span> <span class='ocrx_word' id='word_1_53' title='bbox 751 1326 836 1383; x_wconf 91' lang='lat' dir='ltr'>viridi</span> <span class='ocrx_word' id='word_1_54' title='bbox 856 1327 999 1402; x_wconf 90' lang='lat' dir='ltr'>spoliatur</span> <span class='ocrx_word' id='word_1_55' title='bbox 1018 1327 1144 1386; x_wconf 90' lang='lat' dir='ltr'><strong>honore.</strong></span> 
     </span>
     <span class='ocr_line' id='line_1_11' title="bbox 709 1421 1188 1501; baseline 0.006 -22"><span class='ocrx_word' id='word_1_56' title='bbox 709 1421 825 1480; x_wconf 79' lang='lat' dir='ltr'>Nemes.</span> <span class='ocrx_word' id='word_1_57' title='bbox 848 1423 888 1482; x_wconf 90' lang='lat' dir='ltr'>de</span> <span class='ocrx_word' id='word_1_58' title='bbox 907 1423 1048 1501; x_wconf 90' lang='lat' dir='ltr'>Aucupio</span> <span class='ocrx_word' id='word_1_59' title='bbox 1069 1424 1188 1501; x_wconf 72' lang='lat' dir='ltr'>Fragm,</span> 
     </span>
     <span class='ocr_line' id='line_1_12' title="bbox 266 1520 1193 1598; baseline 0 -17"><span class='ocrx_word' id='word_1_60' title='bbox 266 1522 562 1597; x_wconf 60' lang='lat' dir='ltr'>marom-(better</span> <span class='ocrx_word' id='word_1_61' title='bbox 581 1521 657 1580; x_wconf 89' lang='lat' dir='ltr'>than</span> <span class='ocrx_word' id='word_1_62' title='bbox 677 1521 822 1598; x_wconf 80' lang='lat' dir='ltr'><strong>strength)</strong></span> <span class='ocrx_word' id='word_1_63' title='bbox 849 1520 903 1580; x_wconf 83' lang='lat' dir='ltr'>Ov.</span> <span class='ocrx_word' id='word_1_64' title='bbox 925 1522 997 1581; x_wconf 81' lang='lat' dir='ltr'>Met.</span> <span class='ocrx_word' id='word_1_65' title='bbox 1022 1538 1067 1597; x_wconf 81' lang='lat'>13.</span> <span class='ocrx_word' id='word_1_66' title='bbox 1089 1520 1193 1597; x_wconf 76' lang='lat'>363·8.</span> 
     </span>
     <span class='ocr_line' id='line_1_13' title="bbox 428 1619 570 1696; baseline -0.014 -18"><span class='ocrx_word' id='word_1_67' title='bbox 428 1619 570 1696; x_wconf 85' lang='lat' dir='ltr'>(worldly)</span> 
     </span>
     <span class='ocr_line' id='line_1_14' title="bbox 345 1717 1229 1796; baseline 0.002 -20"><span class='ocrx_word' id='word_1_68' title='bbox 345 1719 388 1776; x_wconf 92' lang='lat' dir='ltr'>nil</span> <span class='ocrx_word' id='word_1_69' title='bbox 408 1725 546 1777; x_wconf 89' lang='lat' dir='ltr'>sanctum</span> <span class='ocrx_word' id='word_1_70' title='bbox 561 1725 606 1777; x_wconf 92' lang='lat' dir='ltr'>est</span> <span class='ocrx_word' id='word_1_71' title='bbox 619 1717 716 1789; x_wconf 92' lang='lat' dir='ltr'>nobis,</span> <span class='ocrx_word' id='word_1_72' title='bbox 732 1717 788 1776; x_wconf 94' lang='lat' dir='ltr'>nisi</span> <span class='ocrx_word' id='word_1_73' title='bbox 803 1725 959 1796; x_wconf 86' lang='lat' dir='ltr'>quaestus:</span> <span class='ocrx_word' id='word_1_74' title='bbox 982 1725 1012 1777; x_wconf 91' lang='lat' dir='ltr'>et</span> <span class='ocrx_word' id='word_1_75' title='bbox 1026 1719 1099 1777; x_wconf 92' lang='lat' dir='ltr'>illud</span> <span class='ocrx_word' id='word_1_76' title='bbox 1113 1718 1229 1778; x_wconf 86' lang='lat' dir='ltr'><strong>hones-</strong></span> 
     </span>
     <span class='ocr_line' id='line_1_15' title="bbox 385 1821 516 1872; baseline 0.008 -1"><span class='ocrx_word' id='word_1_77' title='bbox 385 1823 450 1872; x_wconf 91' lang='lat' dir='ltr'>tum</span> <span class='ocrx_word' id='word_1_78' title='bbox 471 1821 516 1872; x_wconf 93' lang='lat' dir='ltr'>est</span> 
     </span>
     <span class='ocr_line' id='line_1_16' title="bbox 346 1911 1067 1989; baseline 0 -20"><span class='ocrx_word' id='word_1_79' title='bbox 346 1912 416 1971; x_wconf 93' lang='lat' dir='ltr'>utile</span> <span class='ocrx_word' id='word_1_80' title='bbox 438 1913 521 1988; x_wconf 91' lang='lat' dir='ltr'>quod</span> <span class='ocrx_word' id='word_1_81' title='bbox 543 1911 644 1970; x_wconf 87' lang='lat' dir='ltr'>fuerit:</span> <span class='ocrx_word' id='word_1_82' title='bbox 667 1911 806 1989; x_wconf 91' lang='lat' dir='ltr'>vitiisque</span> <span class='ocrx_word' id='word_1_83' title='bbox 826 1912 975 1971; x_wconf 88' lang='lat' dir='ltr'>vocabula</span> <span class='ocrx_word' id='word_1_84' title='bbox 995 1913 1067 1972; x_wconf 89' lang='lat' dir='ltr'>recti</span> 
     </span>
     <span class='ocr_line' id='line_1_17' title="bbox 346 2009 1076 2086; baseline 0 -19"><span class='ocrx_word' id='word_1_85' title='bbox 346 2009 485 2079; x_wconf 90' lang='lat' dir='ltr'>indimus,</span> <span class='ocrx_word' id='word_1_86' title='bbox 508 2016 538 2067; x_wconf 87' lang='lat' dir='ltr'>et</span> <span class='ocrx_word' id='word_1_87' title='bbox 558 2009 640 2084; x_wconf 91' lang='lat' dir='ltr'>parci</span> <span class='ocrx_word' id='word_1_88' title='bbox 660 2027 830 2086; x_wconf 85' lang='lat' dir='ltr'><strong>cognomen</strong></span> <span class='ocrx_word' id='word_1_89' title='bbox 850 2009 946 2068; x_wconf 88' lang='lat' dir='ltr'>sumit·</span> <span class='ocrx_word' id='word_1_90' title='bbox 960 2028 1076 2069; x_wconf 85' lang='lat' dir='ltr'>avarus.</span> 
     </span>
     <span class='ocr_line' id='line_1_18' title="bbox 347 2105 1035 2183; baseline 0 -18"><span class='ocrx_word' id='word_1_91' title='bbox 347 2115 378 2166; x_wconf 92' lang='lat' dir='ltr'>at</span> <span class='ocrx_word' id='word_1_92' title='bbox 398 2106 450 2183; x_wconf 91' lang='lat' dir='ltr'>qui</span> <span class='ocrx_word' id='word_1_93' title='bbox 471 2105 615 2164; x_wconf 87' lang='lat' dir='ltr'>confessis</span> <span class='ocrx_word' id='word_1_94' title='bbox 636 2106 714 2164; x_wconf 88' lang='lat' dir='ltr'>vitiis</span> <span class='ocrx_word' id='word_1_95' title='bbox 736 2113 766 2164; x_wconf 91' lang='lat' dir='ltr'>et</span> <span class='ocrx_word' id='word_1_96' title='bbox 786 2107 910 2165; x_wconf 90' lang='lat' dir='ltr'>crimine</span> <span class='ocrx_word' id='word_1_97' title='bbox 931 2116 1035 2183; x_wconf 94' lang='lat' dir='ltr'>aperto</span> 
     </span>
     <span class='ocr_line' id='line_1_19' title="bbox 347 2192 1104 2281; baseline 0.001 -19"><span class='ocrx_word' id='word_1_98' title='bbox 347 2222 411 2263; x_wconf 94' lang='lat' dir='ltr'>non</span> <span class='ocrx_word' id='word_1_99' title='bbox 431 2211 557 2280; x_wconf 90' lang='lat' dir='ltr'>potuere</span> <span class='ocrx_word' id='word_1_100' title='bbox 577 2222 646 2263; x_wconf 90' lang='lat' dir='ltr'>suas</span> <span class='ocrx_word' id='word_1_101' title='bbox 666 2192 780 2263; x_wconf 76' lang='lat' dir='ltr'>uirtutis</span> <span class='ocrx_word' id='word_1_102' title='bbox 801 2204 930 2281; x_wconf 84' lang='lat' dir='ltr'>imagine</span> <span class='ocrx_word' id='word_1_103' title='bbox 950 2204 1070 2263; x_wconf 86' lang='lat' dir='ltr'>fraudes</span> <span class='ocrx_word' id='word_1_104' title='bbox 1096 2226 1104 2244; x_wconf 92' lang='lat'><strong>·</strong></span> 
     </span>
     <span class='ocr_line' id='line_1_20' title="bbox 348 2302 1069 2379; baseline 0 -19"><span class='ocrx_word' id='word_1_105' title='bbox 348 2303 497 2378; x_wconf 86' lang='lat' dir='ltr'><strong>obtegere,</strong></span> <span class='ocrx_word' id='word_1_106' title='bbox 519 2303 638 2361; x_wconf 89' lang='lat' dir='ltr'>occulto</span> <span class='ocrx_word' id='word_1_107' title='bbox 659 2302 797 2360; x_wconf 86' lang='lat' dir='ltr'>foverunt</span> <span class='ocrx_word' id='word_1_108' title='bbox 817 2303 940 2360; x_wconf 90' lang='lat' dir='ltr'>vulnere</span> <span class='ocrx_word' id='word_1_109' title='bbox 960 2303 1069 2379; x_wconf 84' lang='lat' dir='ltr'>plagas,</span> 
     </span>
     <span class='ocr_line' id='line_1_21' title="bbox 348 2399 1053 2477; baseline -0.001 -19"><span class='ocrx_word' id='word_1_110' title='bbox 348 2419 424 2477; x_wconf 93' lang='lat' dir='ltr'>quos</span> <span class='ocrx_word' id='word_1_111' title='bbox 445 2407 563 2459; x_wconf 89' lang='lat' dir='ltr'><strong>terrena</strong></span> <span class='ocrx_word' id='word_1_112' title='bbox 583 2399 674 2459; x_wconf 90' lang='lat' dir='ltr'>trahit</span> <span class='ocrx_word' id='word_1_113' title='bbox 693 2400 841 2476; x_wconf 88' lang='lat' dir='ltr'>sapientia</span> <span class='ocrx_word' id='word_1_114' title='bbox 861 2401 962 2459; x_wconf 87' lang='lat' dir='ltr'>nescia</span> <span class='ocrx_word' id='word_1_115' title='bbox 982 2401 1053 2459; x_wconf 83' lang='lat' dir='ltr'>veri.</span> 
     </span>
     <span class='ocr_line' id='line_1_22' title="bbox 311 2498 1109 2575; baseline 0 -19"><span class='ocrx_word' id='word_1_116' title='bbox 311 2509 315 2520; x_wconf 86' lang='grc'>·</span> <span class='ocrx_word' id='word_1_117' title='bbox 349 2499 499 2575; x_wconf 91' lang='lat' dir='ltr'>quosdam</span> <span class='ocrx_word' id='word_1_118' title='bbox 519 2498 659 2569; x_wconf 85' lang='lat' dir='ltr'>infelices,</span> <span class='ocrx_word' id='word_1_119' title='bbox 682 2499 734 2575; x_wconf 95' lang='lat' dir='ltr'>qui</span> <span class='ocrx_word' id='word_1_120' title='bbox 755 2498 874 2575; x_wconf 87' lang='lat' dir='ltr'>decipit,</span> <span class='ocrx_word' id='word_1_121' title='bbox 897 2499 1001 2557; x_wconf 88' lang='lat' dir='ltr'>incitat</span> <span class='ocrx_word' id='word_1_122' title='bbox 1021 2517 1109 2569; x_wconf 91' lang='lat' dir='ltr'><strong>error,</strong></span> 
     </span>
     <span class='ocr_line' id='line_1_23' title="bbox 348 2597 1231 2681; baseline 0 -26"><span class='ocrx_word' id='word_1_123' title='bbox 348 2599 426 2681; x_wconf 31' lang='lat' dir='ltr'>dum·</span> <span class='ocrx_word' id='word_1_124' title='bbox 442 2615 565 2656; x_wconf 91' lang='lat' dir='ltr'>causam</span> <span class='ocrx_word' id='word_1_125' title='bbox 585 2597 739 2674; x_wconf 90' lang='lat' dir='ltr'>inquirunt</span> <span class='ocrx_word' id='word_1_126' title='bbox 759 2615 856 2655; x_wconf 90' lang='lat' dir='ltr'>rerum</span> <span class='ocrx_word' id='word_1_127' title='bbox 877 2604 1085 2674; x_wconf 90' lang='lat' dir='ltr'>astrorumque</span> <span class='ocrx_word' id='word_1_128' title='bbox 1102 2603 1231 2667; x_wconf 89' lang='lat' dir='ltr'>meatus,</span> 
     </span>
     <span class='ocr_line' id='line_1_24' title="bbox 350 2693 1133 2772; baseline 0 -20"><span class='ocrx_word' id='word_1_129' title='bbox 350 2713 429 2772; x_wconf 89' lang='lat' dir='ltr'>quae</span> <span class='ocrx_word' id='word_1_130' title='bbox 449 2695 486 2753; x_wconf 92' lang='lat' dir='ltr'>sit</span> <span class='ocrx_word' id='word_1_131' title='bbox 506 2695 602 2753; x_wconf 91' lang='lat' dir='ltr'>forma</span> <span class='ocrx_word' id='word_1_132' title='bbox 622 2694 693 2770; x_wconf 91' lang='lat' dir='ltr'>poli,</span> <span class='ocrx_word' id='word_1_133' title='bbox 715 2712 768 2752; x_wconf 91' lang='lat' dir='ltr'>cur</span> <span class='ocrx_word' id='word_1_134' title='bbox 788 2694 879 2770; x_wconf 93' lang='lat' dir='ltr'>longo</span> <span class='ocrx_word' id='word_1_135' title='bbox 900 2693 1025 2752; x_wconf 91' lang='lat' dir='ltr'>flumina</span> <span class='ocrx_word' id='word_1_136' title='bbox 1045 2712 1133 2753; x_wconf 92' lang='lat' dir='ltr'>cursu</span> 
     </span>
     <span class='ocr_line' id='line_1_25' title="bbox 349 2791 1118 2869; baseline -0.003 -18"><span class='ocrx_word' id='word_1_137' title='bbox 349 2812 412 2852; x_wconf 92' lang='lat' dir='ltr'>non</span> <span class='ocrx_word' id='word_1_138' title='bbox 432 2800 565 2869; x_wconf 90' lang='lat' dir='ltr'>pereant,</span> <span class='ocrx_word' id='word_1_139' title='bbox 589 2792 666 2850; x_wconf 91' lang='lat' dir='ltr'>latus</span> <span class='ocrx_word' id='word_1_140' title='bbox 686 2792 784 2850; x_wconf 90' lang='lat' dir='ltr'>iaceat</span> <span class='ocrx_word' id='word_1_141' title='bbox 804 2809 866 2869; x_wconf 93' lang='lat' dir='ltr'>quo</span> <span class='ocrx_word' id='word_1_142' title='bbox 887 2791 979 2850; x_wconf 90' lang='lat' dir='ltr'>limite</span> <span class='ocrx_word' id='word_1_143' title='bbox 998 2800 1118 2868; x_wconf 88' lang='lat' dir='ltr'>pontus,</span> 
     </span>
     <span class='ocr_line' id='line_1_26' title="bbox 350 2890 1232 2969; baseline -0.001 -20"><span class='ocrx_word' id='word_1_144' title='bbox 350 2909 490 2969; x_wconf 90' lang='lat' dir='ltr'>quaeque</span> <span class='ocrx_word' id='word_1_145' title='bbox 510 2890 580 2948; x_wconf 89' lang='lat' dir='ltr'><strong>Deo</strong></span> <span class='ocrx_word' id='word_1_146' title='bbox 600 2898 717 2948; x_wconf 92' lang='lat' dir='ltr'>tantum</span> <span class='ocrx_word' id='word_1_147' title='bbox 738 2897 808 2948; x_wconf 91' lang='lat' dir='ltr'>sunt</span> <span class='ocrx_word' id='word_1_148' title='bbox 828 2896 909 2960; x_wconf 89' lang='lat' dir='ltr'>nota,</span> <span class='ocrx_word' id='word_1_149' title='bbox 931 2890 1088 2948; x_wconf 89' lang='lat' dir='ltr'>recondita</span> <span class='ocrx_word' id='word_1_150' title='bbox 1105 2890 1232 2959; x_wconf 84' lang='lat' dir='ltr'>cunctis,</span> 
     </span>
     <span class='ocr_line' id='line_1_27' title="bbox 349 2980 1202 3065; baseline -0.004 -17"><span class='ocrx_word' id='word_1_151' title='bbox 349 2989 423 3048; x_wconf 88' lang='lat' dir='ltr'>scire</span> <span class='ocrx_word' id='word_1_152' title='bbox 444 2988 556 3058; x_wconf 92' lang='lat' dir='ltr'>volunt,</span> <span class='ocrx_word' id='word_1_153' title='bbox 578 2987 640 3046; x_wconf 88' lang='lat' dir='ltr'>heu</span> <span class='ocrx_word' id='word_1_154' title='bbox 659 2980 774 3065; x_wconf 86' lang='lat' dir='ltr'>grande</span> <span class='ocrx_word' id='word_1_155' title='bbox 794 2988 887 3058; x_wconf 91' lang='lat' dir='ltr'>nefas,</span> <span class='ocrx_word' id='word_1_156' title='bbox 910 2995 940 3046; x_wconf 92' lang='lat' dir='ltr'>et</span> <span class='ocrx_word' id='word_1_157' title='bbox 960 2989 1035 3047; x_wconf 88' lang='lat' dir='ltr'>scire</span> <span class='ocrx_word' id='word_1_158' title='bbox 1054 2988 1202 3047; x_wconf 91' lang='lat' dir='ltr'>videntur.</span> 
     </span>
     <span class='ocr_line' id='line_1_28' title="bbox 419 3083 1217 3162; baseline -0.001 -17"><span class='ocrx_word' id='word_1_159' title='bbox 419 3084 461 3146; x_wconf 88' lang='lat' dir='ltr'>Cl.</span> <span class='ocrx_word' id='word_1_160' title='bbox 482 3085 583 3143; x_wconf 81' lang='lat' dir='ltr'>Marii</span> <span class='ocrx_word' id='word_1_161' title='bbox 606 3084 723 3143; x_wconf 81' lang='lat' dir='ltr'>Vr&#39;cton&#39;s</span> <span class='ocrx_word' id='word_1_162' title='bbox 742 3085 836 3162; x_wconf 92' lang='lat' dir='ltr'>Epist.</span> <span class='ocrx_word' id='word_1_163' title='bbox 858 3087 899 3145; x_wconf 92' lang='lat' dir='ltr'>ad</span> <span class='ocrx_word' id='word_1_164' title='bbox 919 3085 1091 3145; x_wconf 90' lang='lat' dir='ltr'>Salmonem</span> <span class='ocrx_word' id='word_1_165' title='bbox 1112 3083 1217 3160; x_wconf 79' lang='lat'><strong>34-46.</strong></span> 
     </span>
     <span class='ocr_line' id='line_1_29' title="bbox 938 3183 1190 3260; baseline 0.004 -18"><span class='ocrx_word' id='word_1_166' title='bbox 938 3183 1025 3258; x_wconf 88' lang='lat' dir='ltr'>(Late</span> <span class='ocrx_word' id='word_1_167' title='bbox 1046 3183 1190 3260; x_wconf 83' lang='lat' dir='ltr'>Empire).</span> 
     </span>
    </p>
   </div>
   <div class='ocr_carea' id='block_1_3' title="bbox 271 3270 1237 3847">
    <p class='ocr_par' dir='ltr' id='par_1_4' title="bbox 271 3270 1237 3847">
     <span class='ocr_line' id='line_1_30' title="bbox 271 3270 1231 3359; baseline -0.004 -17"><span class='ocrx_word' id='word_1_168' title='bbox 271 3298 432 3343; x_wconf 78' lang='lat' dir='ltr'>WITCH.-</span> <span class='ocrx_word' id='word_1_169' title='bbox 441 3270 518 3357; x_wconf 66' lang='lat' dir='ltr'><strong>Verg.</strong></span> <span class='ocrx_word' id='word_1_170' title='bbox 542 3279 605 3339; x_wconf 86' lang='lat' dir='ltr'>Ecl.</span> <span class='ocrx_word' id='word_1_171' title='bbox 621 3280 649 3340; x_wconf 91' lang='lat'>8.</span> <span class='ocrx_word' id='word_1_172' title='bbox 664 3295 755 3358; x_wconf 80' lang='lat'>95·9;</span> <span class='ocrx_word' id='word_1_173' title='bbox 776 3280 850 3339; x_wconf 83' lang='lat' dir='ltr'><strong>Aen.</strong></span> <span class='ocrx_word' id='word_1_174' title='bbox 868 3299 897 3355; x_wconf 81' lang='lat'>4.</span> <span class='ocrx_word' id='word_1_175' title='bbox 919 3281 1063 3358; x_wconf 82' lang='lat' dir='ltr'><strong>48o·491‚</strong></span> <span class='ocrx_word' id='word_1_176' title='bbox 1079 3278 1231 3359; x_wconf 79' lang='lat'>509·516;</span> 
     </span>
     <span class='ocr_line' id='line_1_31' title="bbox 437 3376 1233 3455; baseline -0.003 -18"><span class='ocrx_word' id='word_1_177' title='bbox 437 3378 490 3437; x_wconf 86' lang='lat' dir='ltr'>Ov.</span> <span class='ocrx_word' id='word_1_178' title='bbox 520 3376 592 3436; x_wconf 83' lang='lat' dir='ltr'>Met.</span> <span class='ocrx_word' id='word_1_179' title='bbox 623 3392 649 3454; x_wconf 92' lang='lat'>7.</span> <span class='ocrx_word' id='word_1_180' title='bbox 676 3392 825 3455; x_wconf 80' lang='lat'>179-237;</span> <span class='ocrx_word' id='word_1_181' title='bbox 847 3379 918 3436; x_wconf 86' lang='lat' dir='ltr'>Luc.</span> <span class='ocrx_word' id='word_1_182' title='bbox 940 3376 968 3438; x_wconf 87' lang='lat'>6.</span> <span class='ocrx_word' id='word_1_183' title='bbox 991 3376 1141 3455; x_wconf 81' lang='lat'>507·569;</span> <span class='ocrx_word' id='word_1_184' title='bbox 1171 3376 1233 3436; x_wconf 79' lang='lat' dir='ltr'>Val.</span> 
     </span>
     <span class='ocr_line' id='line_1_32' title="bbox 431 3473 919 3554; baseline 0.004 -5"><span class='ocrx_word' id='word_1_185' title='bbox 431 3477 527 3535; x_wconf 65' lang='lat' dir='ltr'>Macc-</span> <span class='ocrx_word' id='word_1_186' title='bbox 548 3473 577 3536; x_wconf 70' lang='grc' dir='ltr'>ὁ.</span> <span class='ocrx_word' id='word_1_187' title='bbox 599 3475 702 3550; x_wconf 66' lang='lat' dir='ltr'>nlo-8,</span> <span class='ocrx_word' id='word_1_188' title='bbox 726 3490 753 3551; x_wconf 91' lang='lat'>7·</span> <span class='ocrx_word' id='word_1_189' title='bbox 775 3476 919 3554; x_wconf 67' lang='grc'>389-393.</span> 
     </span>
     <span class='ocr_line' id='line_1_33' title="bbox 352 3574 1216 3653; baseline -0.002 -19"><span class='ocrx_word' id='word_1_190' title='bbox 352 3575 497 3653; x_wconf 91' lang='lat' dir='ltr'>quicquid</span> <span class='ocrx_word' id='word_1_191' title='bbox 518 3575 550 3632; x_wconf 95' lang='lat' dir='ltr'>in</span> <span class='ocrx_word' id='word_1_192' title='bbox 570 3575 643 3634; x_wconf 91' lang='lat' dir='ltr'><strong>orbe</strong></span> <span class='ocrx_word' id='word_1_193' title='bbox 664 3574 757 3645; x_wconf 91' lang='lat' dir='ltr'>vides,</span> <span class='ocrx_word' id='word_1_194' title='bbox 778 3582 864 3650; x_wconf 88' lang='lat' dir='ltr'>paret</span> <span class='ocrx_word' id='word_1_195' title='bbox 883 3575 967 3633; x_wconf 91' lang='lat' dir='ltr'>mihi.</span> <span class='ocrx_word' id='word_1_196' title='bbox 987 3574 1095 3634; x_wconf 89' lang='lat' dir='ltr'>florida</span> <span class='ocrx_word' id='word_1_197' title='bbox 1115 3574 1216 3644; x_wconf 82' lang='lat' dir='ltr'>tellus,</span> 
     </span>
     <span class='ocr_line' id='line_1_34' title="bbox 352 3671 1057 3759; baseline -0.001 -28"><span class='ocrx_word' id='word_1_198' title='bbox 352 3692 421 3731; x_wconf 94' lang='lat' dir='ltr'>cum</span> <span class='ocrx_word' id='word_1_199' title='bbox 442 3673 520 3743; x_wconf 93' lang='lat' dir='ltr'>volo,</span> <span class='ocrx_word' id='word_1_200' title='bbox 543 3672 660 3759; x_wconf 80' lang='lat' dir='ltr'>siccatis</span> <span class='ocrx_word' id='word_1_201' title='bbox 681 3673 787 3730; x_wconf 89' lang='lat' dir='ltr'>arescit</span> <span class='ocrx_word' id='word_1_202' title='bbox 807 3672 950 3748; x_wconf 88' lang='lat' dir='ltr'>languida</span> <span class='ocrx_word' id='word_1_203' title='bbox 970 3671 1057 3742; x_wconf 88' lang='lat' dir='ltr'>sucis,</span> 
     </span>
     <span class='ocr_line' id='line_1_35' title="bbox 352 3768 1237 3847; baseline -0.003 -17"><span class='ocrx_word' id='word_1_204' title='bbox 352 3789 421 3830; x_wconf 93' lang='lat' dir='ltr'>cum</span> <span class='ocrx_word' id='word_1_205' title='bbox 435 3771 513 3840; x_wconf 79' lang='lat' dir='ltr'>vole,</span> <span class='ocrx_word' id='word_1_206' title='bbox 529 3771 628 3828; x_wconf 90' lang='lat' dir='ltr'>fundit</span> <span class='ocrx_word' id='word_1_207' title='bbox 642 3788 724 3847; x_wconf 88' lang='lat' dir='ltr'>opes,</span> <span class='ocrx_word' id='word_1_208' title='bbox 736 3769 913 3846; x_wconf 89' lang='lat' dir='ltr'>scopulique</span> <span class='ocrx_word' id='word_1_209' title='bbox 924 3777 1015 3846; x_wconf 89' lang='lat' dir='ltr'>atque</span> <span class='ocrx_word' id='word_1_210' title='bbox 1027 3768 1149 3828; x_wconf 91' lang='lat' dir='ltr'>horrida</span> <span class='ocrx_word' id='word_1_211' title='bbox 1159 3786 1237 3827; x_wconf 87' lang='lat' dir='ltr'>saxa</span> 
     </span>
    </p>
   </div>
   <div class='ocr_carea' id='block_1_4' title="bbox 0 0 1396 4284">
    <p class='ocr_par' dir='ltr' id='par_1_5' title="bbox 0 0 1396 4284">
     <span class='ocr_line' id='line_1_36' title="bbox 0 0 1396 4284; baseline 0 0"><span class='ocrx_word' id='word_1_212' title='bbox 0 0 1396 4284; x_wconf 95' lang='lat' dir='ltr'> </span> 
     </span>
    </p>
   </div>
  </div>
 </body>
</html>
