<?xml version="1.0" encoding="UTF-8"?>
<!DOCTYPE html PUBLIC "-//W3C//DTD XHTML 1.0 Transitional//EN"
    "http://www.w3.org/TR/xhtml1/DTD/xhtml1-transitional.dtd">
<html xmlns="http://www.w3.org/1999/xhtml" xml:lang="en" lang="en">
 <head>
  <title>
</title>
<meta http-equiv="Content-Type" content="text/html;charset=utf-8" />
  <meta name='ocr-system' content='tesseract 3.04.00' />
  <meta name='ocr-capabilities' content='ocr_page ocr_carea ocr_par ocr_line ocrx_word'/>
</head>
<body>
  <div class='ocr_page' id='page_1' title='image "./poetarumlatinor00benegoog_0041.png"; bbox 0 0 2752 4284; ppageno 0'>
   <div class='ocr_carea' id='block_1_1' title="bbox 251 344 830 399">
    <p class='ocr_par' dir='ltr' id='par_1_1' title="bbox 251 344 830 399">
     <span class='ocr_line' id='line_1_1' title="bbox 251 344 830 399; baseline -0.014 0"><span class='ocrx_word' id='word_1_1' title='bbox 251 348 284 399; x_wconf 87' lang='lat'>²4</span> <span class='ocrx_word' id='word_1_2' title='bbox 627 344 830 393; x_wconf 88' lang='lat' dir='ltr'><strong>DRE-EAS</strong></span> 
     </span>
    </p>
   </div>
   <div class='ocr_carea' id='block_1_2' title="bbox 232 519 1317 3524">
    <p class='ocr_par' dir='ltr' id='par_1_2' title="bbox 232 519 1257 2158">
     <span class='ocr_line' id='line_1_2' title="bbox 247 519 1257 605; baseline 0.003 -25"><span class='ocrx_word' id='word_1_3' title='bbox 247 537 437 581; x_wconf 66' lang='lat' dir='ltr'>unnens-</span> <span class='ocrx_word' id='word_1_4' title='bbox 445 519 523 598; x_wconf 80' lang='lat' dir='ltr'>Vcrg.</span> <span class='ocrx_word' id='word_1_5' title='bbox 534 519 606 580; x_wconf 85' lang='lat' dir='ltr'>Aen.</span> <span class='ocrx_word' id='word_1_6' title='bbox 622 539 650 595; x_wconf 89' lang='lat'>4.</span> <span class='ocrx_word' id='word_1_7' title='bbox 666 537 768 598; x_wconf 50' lang='lat'>3515,</span> <span class='ocrx_word' id='word_1_8' title='bbox 783 522 927 599; x_wconf 80' lang='lat'><strong>465-473,</strong></span> <span class='ocrx_word' id='word_1_9' title='bbox 939 520 972 593; x_wconf 76' lang='grc'>,6.</span> <span class='ocrx_word' id='word_1_10' title='bbox 986 522 1087 597; x_wconf 85' lang='lat'><strong>282-4,</strong></span> <span class='ocrx_word' id='word_1_11' title='bbox 1101 522 1207 603; x_wconf 82' lang='lat'><strong>894·7;</strong></span> <span class='ocrx_word' id='word_1_12' title='bbox 1253 571 1257 605; x_wconf 34' lang='grc' dir='ltr'><strong><em>ἲ</em></strong></span> 
     </span>
     <span class='ocr_line' id='line_1_3' title="bbox 366 617 1207 709; baseline 0.011 -38"><span class='ocrx_word' id='word_1_13' title='bbox 366 667 369 671; x_wconf 89' lang='grc'>.</span> <span class='ocrx_word' id='word_1_14' title='bbox 417 618 472 679; x_wconf 79' lang='lat' dir='ltr'>On.</span> <span class='ocrx_word' id='word_1_15' title='bbox 494 619 565 677; x_wconf 85' lang='lat' dir='ltr'>Met.</span> <span class='ocrx_word' id='word_1_16' title='bbox 582 635 636 709; x_wconf 75' lang='lat'>¹11.</span> <span class='ocrx_word' id='word_1_17' title='bbox 657 617 807 696; x_wconf 79' lang='lat'><strong>633-6583</strong></span> <span class='ocrx_word' id='word_1_18' title='bbox 828 620 899 679; x_wconf 87' lang='lat' dir='ltr'>Luc.</span> <span class='ocrx_word' id='word_1_19' title='bbox 915 634 942 696; x_wconf 90' lang='lat'>7.</span> <span class='ocrx_word' id='word_1_20' title='bbox 959 620 1207 698; x_wconf 64' lang='lat'>7·27,‘764··786;</span> 
     </span>
     <span class='ocr_line' id='line_1_4' title="bbox 409 715 866 793; baseline 0.002 -20"><span class='ocrx_word' id='word_1_21' title='bbox 409 715 484 774; x_wconf 77' lang='lat' dir='ltr'>Aur.</span> <span class='ocrx_word' id='word_1_22' title='bbox 505 716 627 793; x_wconf 78' lang='lat' dir='ltr'>Ephem.</span> <span class='ocrx_word' id='word_1_23' title='bbox 649 717 689 776; x_wconf 88' lang='lat' dir='ltr'>ad</span> <span class='ocrx_word' id='word_1_24' title='bbox 709 719 760 775; x_wconf 90' lang='lat' dir='ltr'>fin.</span> <span class='ocrx_word' id='word_1_25' title='bbox 786 733 866 792; x_wconf 79' lang='lat'>1·43.</span> 
     </span>
     <span class='ocr_line' id='line_1_5' title="bbox 332 815 1177 891; baseline 0 -17"><span class='ocrx_word' id='word_1_26' title='bbox 332 815 459 884; x_wconf 88' lang='lat' dir='ltr'>somnia,</span> <span class='ocrx_word' id='word_1_27' title='bbox 482 833 561 891; x_wconf 87' lang='lat' dir='ltr'>quae</span> <span class='ocrx_word' id='word_1_28' title='bbox 580 823 698 873; x_wconf 86' lang='lat' dir='ltr'><strong>mentes</strong></span> <span class='ocrx_word' id='word_1_29' title='bbox 718 815 827 873; x_wconf 91' lang='lat' dir='ltr'>ludunt</span> <span class='ocrx_word' id='word_1_30' title='bbox 845 815 1038 875; x_wconf 81' lang='lat' dir='ltr'>volitantibus</span> <span class='ocrx_word' id='word_1_31' title='bbox 1058 816 1177 882; x_wconf 87' lang='lat' dir='ltr'>umbris,</span> 
     </span>
     <span class='ocr_line' id='line_1_6' title="bbox 333 913 1207 986; baseline 0.002 -16"><span class='ocrx_word' id='word_1_32' title='bbox 333 931 396 972; x_wconf 92' lang='lat' dir='ltr'>non</span> <span class='ocrx_word' id='word_1_33' title='bbox 417 913 541 972; x_wconf 90' lang='lat' dir='ltr'>delubra</span> <span class='ocrx_word' id='word_1_34' title='bbox 562 913 653 971; x_wconf 90' lang='lat' dir='ltr'>deum</span> <span class='ocrx_word' id='word_1_35' title='bbox 673 931 731 971; x_wconf 89' lang='lat' dir='ltr'>nec</span> <span class='ocrx_word' id='word_1_36' title='bbox 750 913 790 970; x_wconf 92' lang='lat' dir='ltr'>ab</span> <span class='ocrx_word' id='word_1_37' title='bbox 804 913 927 972; x_wconf 81' lang='lat' dir='ltr'>aethere</span> <span class='ocrx_word' id='word_1_38' title='bbox 940 913 1066 973; x_wconf 90' lang='lat' dir='ltr'>numina</span> <span class='ocrx_word' id='word_1_39' title='bbox 1078 913 1207 986; x_wconf 90' lang='lat' dir='ltr'>mittunt,</span> 
     </span>
     <span class='ocr_line' id='line_1_7' title="bbox 330 1009 1210 1088; baseline 0.001 -19"><span class='ocrx_word' id='word_1_40' title='bbox 330 1011 385 1070; x_wconf 89' lang='lat' dir='ltr'>sed</span> <span class='ocrx_word' id='word_1_41' title='bbox 405 1011 462 1069; x_wconf 93' lang='lat' dir='ltr'>sibi</span> <span class='ocrx_word' id='word_1_42' title='bbox 479 1010 606 1087; x_wconf 91' lang='lat' dir='ltr'>quisque</span> <span class='ocrx_word' id='word_1_43' title='bbox 620 1009 700 1068; x_wconf 84' lang='lat' dir='ltr'>facit.</span> <span class='ocrx_word' id='word_1_44' title='bbox 714 1027 785 1068; x_wconf 88' lang='lat' dir='ltr'>nam</span> <span class='ocrx_word' id='word_1_45' title='bbox 800 1028 868 1068; x_wconf 91' lang='lat' dir='ltr'>cum</span> <span class='ocrx_word' id='word_1_46' title='bbox 881 1017 1034 1087; x_wconf 85' lang='lat' dir='ltr'>prostrata</span> <span class='ocrx_word' id='word_1_47' title='bbox 1041 1029 1150 1088; x_wconf 89' lang='lat' dir='ltr'>sopore</span> <span class='ocrx_word' id='word_1_48' title='bbox 1203 1033 1210 1044; x_wconf 92' lang='lat'><strong>·</strong></span> 
     </span>
     <span class='ocr_line' id='line_1_8' title="bbox 330 1107 1207 1186; baseline -0.001 -19"><span class='ocrx_word' id='word_1_49' title='bbox 330 1116 435 1186; x_wconf 88' lang='lat' dir='ltr'>urguet</span> <span class='ocrx_word' id='word_1_50' title='bbox 455 1108 591 1166; x_wconf 89' lang='lat' dir='ltr'>membra</span> <span class='ocrx_word' id='word_1_51' title='bbox 611 1107 705 1183; x_wconf 88' lang='lat' dir='ltr'>quies,</span> <span class='ocrx_word' id='word_1_52' title='bbox 727 1115 758 1166; x_wconf 89' lang='lat' dir='ltr'>et</span> <span class='ocrx_word' id='word_1_53' title='bbox 777 1126 863 1166; x_wconf 90' lang='lat' dir='ltr'>mens</span> <span class='ocrx_word' id='word_1_54' title='bbox 883 1108 948 1168; x_wconf 90' lang='lat' dir='ltr'>sine</span> <span class='ocrx_word' id='word_1_55' title='bbox 967 1109 1104 1185; x_wconf 90' lang='lat' dir='ltr'>pondere</span> <span class='ocrx_word' id='word_1_56' title='bbox 1123 1110 1207 1178; x_wconf 86' lang='lat' dir='ltr'>ludit,</span> 
     </span>
     <span class='ocr_line' id='line_1_9' title="bbox 333 1205 1123 1282; baseline 0.004 -19"><span class='ocrx_word' id='word_1_57' title='bbox 333 1206 478 1282; x_wconf 90' lang='lat' dir='ltr'>quicquid</span> <span class='ocrx_word' id='word_1_58' title='bbox 498 1207 564 1264; x_wconf 89' lang='lat' dir='ltr'>luce</span> <span class='ocrx_word' id='word_1_59' title='bbox 584 1205 646 1275; x_wconf 88' lang='lat' dir='ltr'>fuit,</span> <span class='ocrx_word' id='word_1_60' title='bbox 668 1205 798 1282; x_wconf 81' lang='lat' dir='ltr'>tenebris</span> <span class='ocrx_word' id='word_1_61' title='bbox 819 1206 887 1282; x_wconf 89' lang='lat' dir='ltr'>agit.</span> <span class='ocrx_word' id='word_1_62' title='bbox 909 1206 1023 1282; x_wconf 93' lang='lat' dir='ltr'>oppida</span> <span class='ocrx_word' id='word_1_63' title='bbox 1042 1207 1123 1266; x_wconf 91' lang='lat' dir='ltr'>bello</span> 
     </span>
     <span class='ocr_line' id='line_1_10' title="bbox 332 1302 1115 1381; baseline 0.001 -19"><span class='ocrx_word' id='word_1_64' title='bbox 332 1304 384 1381; x_wconf 90' lang='lat' dir='ltr'>qui</span> <span class='ocrx_word' id='word_1_65' title='bbox 404 1303 501 1379; x_wconf 90' lang='lat' dir='ltr'>quatit</span> <span class='ocrx_word' id='word_1_66' title='bbox 521 1311 551 1361; x_wconf 89' lang='lat' dir='ltr'>et</span> <span class='ocrx_word' id='word_1_67' title='bbox 569 1302 697 1361; x_wconf 89' lang='lat' dir='ltr'>flammis</span> <span class='ocrx_word' id='word_1_68' title='bbox 717 1303 904 1362; x_wconf 87' lang='lat' dir='ltr'>miserandas</span> <span class='ocrx_word' id='word_1_69' title='bbox 924 1303 999 1362; x_wconf 90' lang='lat' dir='ltr'>eruit</span> <span class='ocrx_word' id='word_1_70' title='bbox 1018 1305 1115 1374; x_wconf 91' lang='lat' dir='ltr'>urbes,</span> 
     </span>
     <span class='ocr_line' id='line_1_11' title="bbox 232 1401 1070 1478; baseline 0.001 -19"><span class='ocrx_word' id='word_1_71' title='bbox 232 1422 235 1427; x_wconf 94' lang='lat'>·</span> <span class='ocrx_word' id='word_1_72' title='bbox 330 1403 390 1461; x_wconf 84' lang='lat' dir='ltr'>tela</span> <span class='ocrx_word' id='word_1_73' title='bbox 411 1402 494 1460; x_wconf 92' lang='lat' dir='ltr'>videt</span> <span class='ocrx_word' id='word_1_74' title='bbox 513 1418 673 1478; x_wconf 90' lang='lat' dir='ltr'>versasque</span> <span class='ocrx_word' id='word_1_75' title='bbox 693 1401 774 1459; x_wconf 89' lang='lat' dir='ltr'>acies</span> <span class='ocrx_word' id='word_1_76' title='bbox 794 1408 824 1460; x_wconf 91' lang='lat' dir='ltr'>et</span> <span class='ocrx_word' id='word_1_77' title='bbox 844 1401 948 1460; x_wconf 83' lang='lat' dir='ltr'>funera</span> <span class='ocrx_word' id='word_1_78' title='bbox 967 1420 1070 1478; x_wconf 90' lang='lat' dir='ltr'>regum</span> 
     </span>
     <span class='ocr_line' id='line_1_12' title="bbox 331 1497 1093 1574; baseline -0.001 -17"><span class='ocrx_word' id='word_1_79' title='bbox 331 1506 425 1574; x_wconf 89' lang='lat' dir='ltr'>atque</span> <span class='ocrx_word' id='word_1_80' title='bbox 446 1498 633 1556; x_wconf 87' lang='lat' dir='ltr'>exundantes</span> <span class='ocrx_word' id='word_1_81' title='bbox 653 1497 776 1573; x_wconf 83' lang='lat' dir='ltr'>profuso</span> <span class='ocrx_word' id='word_1_82' title='bbox 796 1498 940 1574; x_wconf 89' lang='lat' dir='ltr'>sanguine</span> <span class='ocrx_word' id='word_1_83' title='bbox 960 1516 1093 1574; x_wconf 85' lang='lat' dir='ltr'>campos.</span> 
     </span>
     <span class='ocr_line' id='line_1_13' title="bbox 331 1594 1080 1673; baseline 0 -19"><span class='ocrx_word' id='word_1_84' title='bbox 331 1596 383 1673; x_wconf 92' lang='lat' dir='ltr'>qui</span> <span class='ocrx_word' id='word_1_85' title='bbox 403 1612 508 1654; x_wconf 87' lang='lat' dir='ltr'>causas</span> <span class='ocrx_word' id='word_1_86' title='bbox 529 1612 614 1653; x_wconf 90' lang='lat' dir='ltr'>orare</span> <span class='ocrx_word' id='word_1_87' title='bbox 634 1594 740 1663; x_wconf 87' lang='lat' dir='ltr'>solent,</span> <span class='ocrx_word' id='word_1_88' title='bbox 762 1594 903 1671; x_wconf 86' lang='lat' dir='ltr'>legesque</span> <span class='ocrx_word' id='word_1_89' title='bbox 923 1595 1080 1671; x_wconf 87' lang='lat' dir='ltr'>forumque</span> 
     </span>
     <span class='ocr_line' id='line_1_14' title="bbox 245 1690 1090 1770; baseline -0.002 -18"><span class='ocrx_word' id='word_1_90' title='bbox 245 1737 249 1745; x_wconf 82' lang='lat'>.</span> <span class='ocrx_word' id='word_1_91' title='bbox 330 1701 362 1752; x_wconf 90' lang='lat' dir='ltr'>et</span> <span class='ocrx_word' id='word_1_92' title='bbox 382 1693 494 1770; x_wconf 88' lang='lat' dir='ltr'>pavido</span> <span class='ocrx_word' id='word_1_93' title='bbox 515 1699 641 1751; x_wconf 88' lang='lat' dir='ltr'>cernunt</span> <span class='ocrx_word' id='word_1_94' title='bbox 661 1692 808 1750; x_wconf 90' lang='lat' dir='ltr'>inclusum</span> <span class='ocrx_word' id='word_1_95' title='bbox 829 1690 933 1750; x_wconf 87' lang='lat' dir='ltr'>chorte</span> <span class='ocrx_word' id='word_1_96' title='bbox 952 1691 1090 1750; x_wconf 83' lang='lat' dir='ltr'>tribunal.</span> 
     </span>
     <span class='ocr_line' id='line_1_15' title="bbox 332 1789 1158 1866; baseline -0.002 -16"><span class='ocrx_word' id='word_1_97' title='bbox 332 1791 437 1851; x_wconf 90' lang='lat' dir='ltr'>condit</span> <span class='ocrx_word' id='word_1_98' title='bbox 457 1808 562 1850; x_wconf 89' lang='lat' dir='ltr'>avarus</span> <span class='ocrx_word' id='word_1_99' title='bbox 583 1807 657 1866; x_wconf 90' lang='lat' dir='ltr'>opes</span> <span class='ocrx_word' id='word_1_100' title='bbox 677 1790 891 1866; x_wconf 87' lang='lat' dir='ltr'>defossumque</span> <span class='ocrx_word' id='word_1_101' title='bbox 911 1789 1025 1862; x_wconf 85' lang='lat' dir='ltr'>invenit</span> <span class='ocrx_word' id='word_1_102' title='bbox 1045 1808 1158 1850; x_wconf 89' lang='lat' dir='ltr'>aurum.</span> 
     </span>
     <span class='ocr_line' id='line_1_16' title="bbox 331 1887 1054 1963; baseline -0.001 -16"><span class='ocrx_word' id='word_1_103' title='bbox 331 1896 457 1948; x_wconf 88' lang='lat' dir='ltr'>venator</span> <span class='ocrx_word' id='word_1_104' title='bbox 477 1888 568 1946; x_wconf 87' lang='lat' dir='ltr'>saltus</span> <span class='ocrx_word' id='word_1_105' title='bbox 588 1887 714 1946; x_wconf 89' lang='lat' dir='ltr'>canibus</span> <span class='ocrx_word' id='word_1_106' title='bbox 735 1887 840 1963; x_wconf 85' lang='lat' dir='ltr'>quatit.</span> <span class='ocrx_word' id='word_1_107' title='bbox 861 1887 948 1963; x_wconf 85' lang='lat' dir='ltr'>eripit</span> <span class='ocrx_word' id='word_1_108' title='bbox 966 1887 1054 1946; x_wconf 90' lang='lat' dir='ltr'>undis</span> 
     </span>
     <span class='ocr_line' id='line_1_17' title="bbox 333 1984 1118 2062; baseline -0.001 -17"><span class='ocrx_word' id='word_1_109' title='bbox 333 1994 389 2045; x_wconf 90' lang='lat' dir='ltr'>aut·</span> <span class='ocrx_word' id='word_1_110' title='bbox 404 1985 512 2062; x_wconf 85' lang='lat' dir='ltr'>premit</span> <span class='ocrx_word' id='word_1_111' title='bbox 533 2002 666 2044; x_wconf 89' lang='lat' dir='ltr'>eversam</span> <span class='ocrx_word' id='word_1_112' title='bbox 686 1984 955 2061; x_wconf 80' lang='lat' dir='ltr'>periturusnavita</span> <span class='ocrx_word' id='word_1_113' title='bbox 974 2003 1118 2062; x_wconf 90' lang='lat' dir='ltr'>puppem.</span> 
     </span>
     <span class='ocr_line' id='line_1_18' title="bbox 883 2081 1169 2158; baseline 0.007 -20"><span class='ocrx_word' id='word_1_114' title='bbox 883 2081 996 2139; x_wconf 81' lang='lat' dir='ltr'>Petron.</span> <span class='ocrx_word' id='word_1_115' title='bbox 1015 2082 1103 2158; x_wconf 83' lang='lat' dir='ltr'>Frag.</span> <span class='ocrx_word' id='word_1_116' title='bbox 1122 2098 1169 2157; x_wconf 85' lang='lat'>30.</span> 
     </span>
    </p>

    <p class='ocr_par' dir='ltr' id='par_1_3' title="bbox 417 2175 1010 2256">
     <span class='ocr_line' id='line_1_19' title="bbox 417 2175 1010 2256; baseline -0.003 -17"><span class='ocrx_word' id='word_1_117' title='bbox 417 2179 596 2256; x_wconf 76' lang='lat' dir='ltr'>(departing)</span> <span class='ocrx_word' id='word_1_118' title='bbox 624 2176 701 2254; x_wconf 79' lang='lat' dir='ltr'>Verg.</span> <span class='ocrx_word' id='word_1_119' title='bbox 722 2175 795 2235; x_wconf 81' lang='lat' dir='ltr'>Aen.</span> <span class='ocrx_word' id='word_1_120' title='bbox 817 2194 844 2255; x_wconf 85' lang='lat'>5.</span> <span class='ocrx_word' id='word_1_121' title='bbox 867 2179 1010 2255; x_wconf 76' lang='grc'>738-742.</span> 
     </span>
    </p>

    <p class='ocr_par' dir='ltr' id='par_1_4' title="bbox 250 2273 1209 2548">
     <span class='ocr_line' id='line_1_20' title="bbox 410 2273 1037 2354; baseline 0.002 -20"><span class='ocrx_word' id='word_1_122' title='bbox 410 2276 602 2354; x_wconf 89' lang='lat' dir='ltr'>(nightmare)</span> <span class='ocrx_word' id='word_1_123' title='bbox 630 2275 708 2352; x_wconf 81' lang='lat' dir='ltr'>Verg.</span> <span class='ocrx_word' id='word_1_124' title='bbox 729 2273 801 2334; x_wconf 84' lang='lat' dir='ltr'>Aen.</span> <span class='ocrx_word' id='word_1_125' title='bbox 826 2276 1037 2354; x_wconf 86' lang='lat'>12..908-912.</span> 
     </span>
     <span class='ocr_line' id='line_1_21' title="bbox 254 2371 1209 2451; baseline -0.003 -16"><span class='ocrx_word' id='word_1_126' title='bbox 254 2390 463 2436; x_wconf 73' lang='lat' dir='ltr'>nnouonu-</span> <span class='ocrx_word' id='word_1_127' title='bbox 471 2373 524 2434; x_wconf 80' lang='lat' dir='ltr'>On.</span> <span class='ocrx_word' id='word_1_128' title='bbox 536 2373 608 2432; x_wconf 84' lang='lat' dir='ltr'>Met.</span> <span class='ocrx_word' id='word_1_129' title='bbox 624 2373 829 2451; x_wconf 80' lang='lat' dir='ltr'>13.o89-691;</span> <span class='ocrx_word' id='word_1_130' title='bbox 843 2371 917 2432; x_wconf 82' lang='lat' dir='ltr'>Stat.</span> <span class='ocrx_word' id='word_1_131' title='bbox 933 2374 1014 2432; x_wconf 64' lang='lat' dir='ltr'>neb.</span> <span class='ocrx_word' id='word_1_132' title='bbox 1026 2392 1054 2448; x_wconf 84' lang='lat'>4.</span> <span class='ocrx_word' id='word_1_133' title='bbox 1066 2372 1209 2451; x_wconf 64' lang='lat'>697715·</span> 
     </span>
     <span class='ocr_line' id='line_1_22' title="bbox 250 2469 1209 2548; baseline -0.003 -16"><span class='ocrx_word' id='word_1_134' title='bbox 250 2488 488 2533; x_wconf 72' lang='lat' dir='ltr'>nnownnsa—</span> <span class='ocrx_word' id='word_1_135' title='bbox 495 2472 549 2533; x_wconf 82' lang='lat' dir='ltr'>On.</span> <span class='ocrx_word' id='word_1_136' title='bbox 564 2471 636 2529; x_wconf 86' lang='lat' dir='ltr'>Met.</span> <span class='ocrx_word' id='word_1_137' title='bbox 649 2488 699 2530; x_wconf 91' lang='lat'>.11.</span> <span class='ocrx_word' id='word_1_138' title='bbox 715 2469 863 2547; x_wconf 83' lang='lat'>557-569;</span> <span class='ocrx_word' id='word_1_139' title='bbox 886 2469 946 2529; x_wconf 88' lang='lat' dir='ltr'><em>Val.</em></span> <span class='ocrx_word' id='word_1_140' title='bbox 961 2471 1055 2529; x_wconf 72' lang='lat' dir='ltr'>Haec.</span> <span class='ocrx_word' id='word_1_141' title='bbox 1071 2488 1095 2530; x_wconf 92' lang='lat'>1.</span> <span class='ocrx_word' id='word_1_142' title='bbox 1107 2486 1209 2548; x_wconf 80' lang='lat'><strong>29²·3·</strong></span> 
     </span>
    </p>

    <p class='ocr_par' dir='ltr' id='par_1_5' title="bbox 413 2568 1317 2647">
     <span class='ocr_line' id='line_1_23' title="bbox 413 2568 1317 2647; baseline -0.006 -18"><span class='ocrx_word' id='word_1_143' title='bbox 413 2571 513 2647; x_wconf 88' lang='lat' dir='ltr'>(body</span> <span class='ocrx_word' id='word_1_144' title='bbox 534 2569 656 2628; x_wconf 88' lang='lat' dir='ltr'>washed</span> <span class='ocrx_word' id='word_1_145' title='bbox 677 2570 732 2645; x_wconf 79' lang='lat' dir='ltr'>up)</span> <span class='ocrx_word' id='word_1_146' title='bbox 757 2568 810 2627; x_wconf 80' lang='lat' dir='ltr'>On.</span> <span class='ocrx_word' id='word_1_147' title='bbox 825 2568 897 2626; x_wconf 83' lang='lat' dir='ltr'>Met.</span> <span class='ocrx_word' id='word_1_148' title='bbox 916 2585 960 2627; x_wconf 92' lang='lat'>11.</span> <span class='ocrx_word' id='word_1_149' title='bbox 976 2582 1125 2645; x_wconf 86' lang='lat'>714·741;</span> <span class='ocrx_word' id='word_1_150' title='bbox 1142 2569 1210 2626; x_wconf 87' lang='lat' dir='ltr'>Luc.</span> <span class='ocrx_word' id='word_1_151' title='bbox 1313 2568 1317 2574; x_wconf 86' lang='grc'>’</span> 
     </span>
    </p>

    <p class='ocr_par' dir='ltr' id='par_1_6' title="bbox 252 2668 1210 3036">
     <span class='ocr_line' id='line_1_24' title="bbox 456 2668 1051 2745; baseline -0.007 -16"><span class='ocrx_word' id='word_1_152' title='bbox 456 2668 483 2729; x_wconf 90' lang='grc'>8.</span> <span class='ocrx_word' id='word_1_153' title='bbox 507 2668 650 2745; x_wconf 88' lang='lat'>708-710.</span> <span class='ocrx_word' id='word_1_154' title='bbox 1048 2692 1051 2699; x_wconf 92' lang='grc'>·</span> 
     </span>
     <span class='ocr_line' id='line_1_25' title="bbox 252 2763 710 2841; baseline -0.009 -15"><span class='ocrx_word' id='word_1_155' title='bbox 252 2766 496 2826; x_wconf 73' lang='lat' dir='ltr'>memus—Luc.</span> <span class='ocrx_word' id='word_1_156' title='bbox 521 2783 546 2824; x_wconf 91' lang='lat'>1.</span> <span class='ocrx_word' id='word_1_157' title='bbox 567 2763 710 2841; x_wconf 82' lang='lat'><strong>450·462.</strong></span> 
     </span>
     <span class='ocr_line' id='line_1_26' title="bbox 255 2859 1210 2941; baseline -0.008 -16"><span class='ocrx_word' id='word_1_158' title='bbox 255 2865 486 2941; x_wconf 63' lang='lat' dir='ltr'>unm-(and</span> <span class='ocrx_word' id='word_1_159' title='bbox 507 2862 638 2940; x_wconf 79' lang='lat' dir='ltr'>serpent)</span> <span class='ocrx_word' id='word_1_160' title='bbox 666 2861 743 2940; x_wconf 80' lang='lat' dir='ltr'>Vcrg.</span> <span class='ocrx_word' id='word_1_161' title='bbox 764 2861 836 2920; x_wconf 84' lang='lat' dir='ltr'>Aen.</span> <span class='ocrx_word' id='word_1_162' title='bbox 862 2879 905 2921; x_wconf 84' lang='lat'>11.</span> <span class='ocrx_word' id='word_1_163' title='bbox 928 2860 1037 2939; x_wconf 84' lang='lat'>751-6;</span> <span class='ocrx_word' id='word_1_164' title='bbox 1064 2861 1118 2922; x_wconf 85' lang='lat' dir='ltr'>Ov.</span> <span class='ocrx_word' id='word_1_165' title='bbox 1139 2859 1210 2918; x_wconf 85' lang='lat' dir='ltr'>Met.</span> 
     </span>
     <span class='ocr_line' id='line_1_27' title="bbox 453 2958 1073 3036; baseline 0 -16"><span class='ocrx_word' id='word_1_166' title='bbox 453 2980 481 3036; x_wconf 89' lang='lat'>4.</span> <span class='ocrx_word' id='word_1_167' title='bbox 505 2960 613 3036; x_wconf 80' lang='lat'>362·4;</span> <span class='ocrx_word' id='word_1_168' title='bbox 641 2959 742 3019; x_wconf 86' lang='lat' dir='ltr'><em>Claud.</em></span> <span class='ocrx_word' id='word_1_169' title='bbox 763 2961 801 3019; x_wconf 91' lang='lat' dir='ltr'>B.</span> <span class='ocrx_word' id='word_1_170' title='bbox 828 2960 907 3020; x_wconf 77' lang='lat' dir='ltr'><em>Gz&#39;ld.</em></span> <span class='ocrx_word' id='word_1_171' title='bbox 928 2958 1073 3036; x_wconf 86' lang='lat'>467-4&#39;71.</span> 
     </span>
    </p>

    <p class='ocr_par' dir='ltr' id='par_1_7' title="bbox 415 3055 1056 3135">
     <span class='ocr_line' id='line_1_28' title="bbox 415 3055 1056 3135; baseline -0.002 -17"><span class='ocrx_word' id='word_1_172' title='bbox 415 3059 493 3135; x_wconf 87' lang='lat' dir='ltr'>(and</span> <span class='ocrx_word' id='word_1_173' title='bbox 514 3060 623 3135; x_wconf 86' lang='lat' dir='ltr'>swaus)</span> <span class='ocrx_word' id='word_1_174' title='bbox 651 3058 728 3135; x_wconf 82' lang='lat' dir='ltr'>Verg.</span> <span class='ocrx_word' id='word_1_175' title='bbox 750 3055 822 3115; x_wconf 83' lang='lat' dir='ltr'>Aen.</span> <span class='ocrx_word' id='word_1_176' title='bbox 847 3074 892 3116; x_wconf 87' lang='lat'>12.</span> <span class='ocrx_word' id='word_1_177' title='bbox 915 3055 1056 3134; x_wconf 84' lang='lat'><strong>247-256.</strong></span> 
     </span>
    </p>

    <p class='ocr_par' dir='ltr' id='par_1_8' title="bbox 254 3154 1211 3428">
     <span class='ocr_line' id='line_1_29' title="bbox 417 3154 931 3235; baseline -0.006 -19"><span class='ocrx_word' id='word_1_178' title='bbox 417 3157 533 3235; x_wconf 90' lang='lat' dir='ltr'>(young</span> <span class='ocrx_word' id='word_1_179' title='bbox 553 3154 665 3234; x_wconf 87' lang='lat' dir='ltr'>eagles)</span> <span class='ocrx_word' id='word_1_180' title='bbox 686 3155 757 3214; x_wconf 86' lang='lat' dir='ltr'>Luc.</span> <span class='ocrx_word' id='word_1_181' title='bbox 778 3172 806 3232; x_wconf 88' lang='lat'>9.</span> <span class='ocrx_word' id='word_1_182' title='bbox 828 3154 931 3232; x_wconf 78' lang='lat' dir='ltr'>poa-6.</span> 
     </span>
     <span class='ocr_line' id='line_1_30' title="bbox 254 3250 1110 3328; baseline -0.005 -14"><span class='ocrx_word' id='word_1_183' title='bbox 254 3258 571 3326; x_wconf 67' lang='lat' dir='ltr'>nunna—(common</span> <span class='ocrx_word' id='word_1_184' title='bbox 591 3263 623 3313; x_wconf 92' lang='lat' dir='ltr'>to</span> <span class='ocrx_word' id='word_1_185' title='bbox 645 3254 693 3327; x_wconf 90' lang='lat' dir='ltr'>all)</span> <span class='ocrx_word' id='word_1_186' title='bbox 713 3250 787 3311; x_wconf 77' lang='lat' dir='ltr'>Stat.</span> <span class='ocrx_word' id='word_1_187' title='bbox 813 3252 895 3311; x_wconf 74' lang='grc' dir='ltr'><em>Ήιεὸ.</em></span> <span class='ocrx_word' id='word_1_188' title='bbox 918 3253 945 3311; x_wconf 87' lang='lat'>8.</span> <span class='ocrx_word' id='word_1_189' title='bbox 967 3266 1110 3328; x_wconf 80' lang='lat'>303-317.</span> 
     </span>
     <span class='ocr_line' id='line_1_31' title="bbox 257 3349 1211 3428; baseline -0.004 -16"><span class='ocrx_word' id='word_1_190' title='bbox 257 3350 605 3422; x_wconf 68' lang='lat' dir='ltr'>namneum-Stat.</span> <span class='ocrx_word' id='word_1_191' title='bbox 641 3350 723 3410; x_wconf 81' lang='lat' dir='ltr'>Theb.</span> <span class='ocrx_word' id='word_1_192' title='bbox 756 3366 783 3427; x_wconf 92' lang='lat'>7.</span> <span class='ocrx_word' id='word_1_193' title='bbox 812 3349 954 3428; x_wconf 78' lang='lat'>794-823,</span> <span class='ocrx_word' id='word_1_194' title='bbox 986 3366 1030 3408; x_wconf 89' lang='lat'>12.</span> <span class='ocrx_word' id='word_1_195' title='bbox 1059 3363 1211 3426; x_wconf 82' lang='lat'>447-4503</span> 
     </span>
    </p>

    <p class='ocr_par' dir='ltr' id='par_1_9' title="bbox 418 3450 789 3524">
     <span class='ocr_line' id='line_1_32' title="bbox 418 3450 789 3524; baseline -0.005 -15"><span class='ocrx_word' id='word_1_196' title='bbox 418 3450 520 3509; x_wconf 87' lang='lat' dir='ltr'>Claud.</span> <span class='ocrx_word' id='word_1_197' title='bbox 543 3451 613 3508; x_wconf 82' lang='lat' dir='ltr'>Eut.</span> <span class='ocrx_word' id='word_1_198' title='bbox 636 3467 662 3508; x_wconf 92' lang='lat'>2.</span> <span class='ocrx_word' id='word_1_199' title='bbox 686 3465 789 3524; x_wconf 78' lang='lat'><strong>24·30.</strong></span> 
     </span>
    </p>
   </div>
   <div class='ocr_carea' id='block_1_3' title="bbox 253 3564 1179 3724">
    <p class='ocr_par' dir='ltr' id='par_1_10' title="bbox 253 3564 1179 3724">
     <span class='ocr_line' id='line_1_33' title="bbox 253 3564 340 3609; baseline 0 -1"><span class='ocrx_word' id='word_1_200' title='bbox 253 3564 340 3609; x_wconf 77' lang='lat' dir='ltr'>nnsr.</span> 
     </span>
     <span class='ocr_line' id='line_1_34' title="bbox 296 3633 1179 3724; baseline -0.007 -19"><span class='ocrx_word' id='word_1_201' title='bbox 296 3633 299 3641; x_wconf 46' lang='lat'>¹</span> <span class='ocrx_word' id='word_1_202' title='bbox 334 3665 415 3705; x_wconf 89' lang='lat' dir='ltr'>nune</span> <span class='ocrx_word' id='word_1_203' title='bbox 436 3665 500 3724; x_wconf 90' lang='lat' dir='ltr'>age,</span> <span class='ocrx_word' id='word_1_204' title='bbox 522 3653 691 3722; x_wconf 88' lang='lat' dir='ltr'>surgentem</span> <span class='ocrx_word' id='word_1_205' title='bbox 711 3644 808 3721; x_wconf 91' lang='lat' dir='ltr'>primo</span> <span class='ocrx_word' id='word_1_206' title='bbox 829 3644 869 3702; x_wconf 88' lang='lat' dir='ltr'>de</span> <span class='ocrx_word' id='word_1_207' title='bbox 890 3642 1012 3701; x_wconf 89' lang='lat' dir='ltr'>cardine</span> <span class='ocrx_word' id='word_1_208' title='bbox 1031 3642 1179 3700; x_wconf 92' lang='lat' dir='ltr'>mundum</span> 
     </span>
    </p>
   </div>
   <div class='ocr_carea' id='block_1_4' title="bbox 331 3741 1063 3821">
    <p class='ocr_par' dir='ltr' id='par_1_11' title="bbox 331 3741 1063 3821">
     <span class='ocr_line' id='line_1_35' title="bbox 331 3741 1063 3821; baseline -0.005 -19"><span class='ocrx_word' id='word_1_209' title='bbox 331 3744 454 3821; x_wconf 89' lang='lat' dir='ltr'>respice,</span> <span class='ocrx_word' id='word_1_210' title='bbox 477 3761 537 3820; x_wconf 89' lang='lat' dir='ltr'>qua</span> <span class='ocrx_word' id='word_1_211' title='bbox 557 3743 645 3801; x_wconf 86' lang='lat' dir='ltr'>solito</span> <span class='ocrx_word' id='word_1_212' title='bbox 665 3741 820 3801; x_wconf 88' lang='lat' dir='ltr'>nascentia</span> <span class='ocrx_word' id='word_1_213' title='bbox 841 3741 924 3817; x_wconf 90' lang='lat' dir='ltr'>signa</span> <span class='ocrx_word' id='word_1_214' title='bbox 944 3758 1063 3799; x_wconf 88' lang='lat' dir='ltr'>recursu</span> 
     </span>
    </p>
   </div>
   <div class='ocr_carea' id='block_1_5' title="bbox 0 0 1382 4284">
    <p class='ocr_par' dir='ltr' id='par_1_12' title="bbox 0 0 1382 4284">
     <span class='ocr_line' id='line_1_36' title="bbox 0 0 1382 4284; baseline 0 0"><span class='ocrx_word' id='word_1_215' title='bbox 0 0 1382 4284; x_wconf 95' lang='lat' dir='ltr'> </span> 
     </span>
    </p>
   </div>
  </div>
 </body>
</html>
