2752 4284
645 350 714 398 SPR

280 529 401 587 floribus
422 528 585 587 innumeris
605 527 701 604 pingit
721 528 786 587 sola
805 527 893 586 flatus
914 527 971 585 Eoi

320 625 518 702 Tempeaque
539 624 681 684 exhalant
701 624 824 683 floribus
845 623 1019 682 innumeris.

279 741 333 799 per
353 740 428 780 cava
447 740 521 780 saxa
541 729 630 780 sonat
649 722 803 798 pecudum
824 721 984 797 mugitibus
1006 719 1100 779 echo'

321 836 441 896 voxque
461 819 579 895 repulsa
599 819 674 896 iugis
695 832 751 894 per
771 836 846 877 cava
865 836 939 877 saxa
959 824 1055 879 sonat.

281 917 361 976 vitea
381 924 481 975 musta
501 923 618 975 tument
638 915 753 976 vicinas
773 915 876 974 iuncta
896 933 950 992 per
969 915 1076 986 ulmos,

320 1015 428 1073 fronde
447 1015 585 1072 maritata
605 1014 685 1071 vitea
705 1020 803 1071 musta
824 1019 950 1071 tument.

281 1119 355 1170 nota
374 1111 467 1188 tigilla
487 1111 553 1168 linit
572 1111 633 1168 iam
653 1110 770 1187 garrula
789 1110 855 1168 luce
876 1109 1028 1178 chelidon,

322 1210 395 1268 dum
415 1208 519 1267 recolit
538 1208 628 1267 nidos
648 1217 721 1268 nota
742 1208 835 1285 tigilla
854 1207 928 1267 linit.

282 1307 337 1365 sub
358 1306 483 1383 platano
504 1305 590 1363 viridi
603 1292 760 1364 'iucundus
781 1323 904 1364 somnus
925 1305 958 1362 in
977 1305 1084 1364 umbra

322 1411 461 1480 sertaque
480 1410 621 1461 texuntur
641 1403 697 1461 sub
716 1403 841 1479 platano
862 1403 958 1461 viridi.

283 1509 355 1559 tunc
376 1518 499 1577 quoque
520 1501 608 1558 dulce
627 1500 713 1570 mori,
736 1507 807 1558 tunc
828 1500 880 1559 fila
901 1499 1037 1557 recurrere
1056 1498 1139 1570 fusis,

324 1598 400 1657 inter
424 1605 454 1656 et
474 1596 629 1674 amplexus
651 1603 723 1654 tunc
745 1614 869 1673 quoque
890 1596 978 1655 dulce
997 1595 1084 1655 mori.

826 1693 971 1751 Pentadz'i.
993 1694 1075 1770 Eleg.
1097 1708 1124 1754 2.

367 1791 409 1862 (in
429 1791 482 1849 the
503 1791 616 1866 North)
642 1790 696 1849 Oa.
723 1790 807 1848 Trr'st.
830 1807 858 1865 3.
883 1807 928 1848 12.
951 1804 1056 1866 27·32·

206 1888 487 1964 sumno-(water)
508 1888 594 1965 Prop.
614 1905 638 1948 1.
651 1903 699 1948 20.
711 1903 814 1962 33·44‚
826 1905 854 1962 4.
866 1905 894 1962 4.
907 1885 969 1962 3-6,
981 1887 1091 1963 48·50;
1110 1886 1164 1945 Oa.

404 1987 476 2044 Her.
501 2000 546 2061 15.
571 1983 717 2061 157·162;
740 1986 819 2043 Fast.
842 2000 869 2059 3.
893 1984 995 2062 297·8.

367 2084 442 2157 (hot)
462 2084 516 2143 Oa.
527 2085 606 2141 Fast.
623 2100 647 2144 1.
659 2086 809 2160 zuo-272;
824 2081 925 2140 Claud.
936 2081 1012 2158 Idyl.
1024 2080 1052 2142 tn
1064 2095 1165 2157 13·70.

286 2201 376 2243 nosse
396 2183 478 2241 iuvat
498 2182 574 2241 tauri
594 2181 691 2241 dictas
712 2182 753 2240 de
773 2180 896 2239 nomine
917 2180 1049 2240 thermas
1056 2199 1064 2255 ;

326 2299 384 2340 nec
407 2299 492 2338 mora
513 2279 641 2338 difficilis
661 2279 779 2336 milibus
800 2278 843 2337 ire
864 2278 967 2336 tribus

286 2397 350 2438 non
370 2378 429 2437 illic
449 2386 538 2454 gustu
559 2377 662 2436 latices
685 2376 824 2434 vitiantur
845 2393 947 2434 amara

328 2475 513 2552 lymphaque
534 2474 666 2532 fumifico
687 2474 798 2532 sulfure
819 2473 913 2531 tincta
933 2472 1020 2531 calet.

288 2591 380 2650 purus
401 2573 478 2631 odor
498 2572 658 2648 mollisque
678 2578 767 2648 sapor
788 2570 926 2629 dubitare
947 2571 1098 2629 lavantem

330 2670 409 2748 cogit
430 2688 491 2747 qua
510 2669 617 2728 melius
637 2676 723 2746 parte
742 2675 883 2745 petantur
903 2685 1011 2744 aquae.

727 2763 820 2823 Rutz'l.
841 2763 912 2822 Irin.
938 2781 962 2823 1.
984 2775 1128 2842 249·254.

290 2866 385 2924 ardua
404 2871 567 2923 montanos
587 2863 664 2922 inter
684 2862 879 2939 splendentia¹
896 2862 978 2921 lucos

330 2962 462 3021 eulmina
482 2969 513 3020 et
532 2960 682 3038 indigenis
703 2978 784 3018 nunc
804 2960 970 3019 metuenda
990 2958 1068 3030 feris,

291 3079 352 3138 qua
372 3061 491 3119 deserta
510 3059 592 3136 prius
612 3058 709 3117 solum
729 3076 837 3117 nemus
858 3065 944 3116 antra
963 3056 1075 3115 tenebat

330 3165 486 3235 taetraque
506 3157 691 3216 inaccessam
713 3156 825 3215 fecerat
845 3155 952 3214 umbra
971 3154 1060 3225 viam,

292 3275 354 3334 qua
373 3275 427 3315 vos
444 3256 535 3314 laude
549 3273 657 3313 canam
672 3261 850 3331 quantoque
863 3253 896 3310 in
910 3252 1043 3311 carmine
1056 3250 1168 3323 tollam,

331 3356 363 3413 in
384 3354 493 3432 quibus
514 3360 663 3413 exstructa
684 3359 729 3411 est
749 3359 841 3429 atque
861 3351 962 3409 locata
982 3349 1082 3408 salus?

291 3452 342 3511 hic
361 3452 452 3512 etiam
473 3451 590 3528 ignotas
610 3457 711 3526 stupet
731 3450 771 3508 ad
794 3448 944 3525 praetoria
963 3447 1061 3506 fervor

331 3549 449 3626 plenior
469 3557 499 3608 et
519 3549 633 3607 calidas
653 3555 731 3606 terra
750 3546 897 3605 ministrat
917 3562 1020 3622 aquas.

293 3646 360 3723 quis
380 3646 508 3705 sterilem
528 3663 592 3704 non
606 3645 710 3704 credat
724 3644 871 3702 humum?
886 3641 1032 3701 fumantia
1044 3648 1172 3701 vernant

331 3761 459 3820 pascua3
481 3742 610 3801 luxuriat
629 3741 764 3820 gramine
783 3748 871 3800 cocta
890 3740 973 3800 silex.
1156 3734 1158 3738 ’
