2752 4284
600 351 777 399 FIN-FIS
1137 359 1172 408 ²9

210 547 286 592 FINE
305 529 608 605 murnum-(after
638 549 657 590 a
677 532 783 607 storm)
806 529 860 590 Oa.
882 529 956 593 Met.
978 547 1002 590 1.
1025 531 1170 608 328·331,

370 643 398 706 5.
430 626 542 704 285·6;
581 625 642 687 Val.
677 627 771 687 Hace.
795 644 823 704 3.
848 628 963 706 465-73
1000 627 1102 688 Claud.
1131 627 1179 688 VI

374 724 558 785 Conaffon.
584 738 731 802 537·542.

370 823 463 901 (signs
484 823 526 895 oi)
554 820 633 900 Verg.
659 822 761 901 Georg.
786 839 812 882 1.
828 838 973 900 393·414.
989 828 1048 902 (cp.
1069 822 1172 902 Calm).

210 918 424 998 ΗΒΕ-νινε·
445 919 517 978 Aen·
540 934 568 996 7·
590 932 674 996 73·7‚
696 935 725 996 9·
748 917 837 998 75·6;
864 918 1171 997 Ov·Met·1·492·4.

372 1035 399 1078 2.
421 1016 530 1092 210·6;
551 1014 625 1076 luc.
648 1032 676 1093 3.
697 1016 842 1095 498-507,
868 1032 915 1077 10.
936 1031 1082 1095 497·503.

289 1124 358 1176 sunt
378 1123 480 1174 autem
500 1114 615 1174 cunctis
635 1114 775 1192 permixti
797 1115 931 1192 partibus
951 1115 1043 1193 ignes,

289 1213 342 1291 qui
361 1212 500 1291 gravidas
519 1212 658 1272 habitant
678 1212 859 1272 fabricantes
880 1213 1006 1274 fulmina
1024 1214 1131 1284 nubea,

289 1318 320 1370 et
345 1316 505 1388 penetrant
525 1316 618 1369 terras
638 1310 833 1386 Aetnamque
853 1310 1007 1369 minantur
1027 1309 1169 1388 Olympo,

289 1415 320 1467 et
339 1408 453 1467 calidas
473 1407 605 1466 reddunt
625 1407 697 1484 ipsis
718 1408 750 1464 in
770 1407 902 1467 fontibus
923 1408 1029 1479 undae,

288 1522 326 1564 ac
346 1504 420 1565 silici
440 1504 473 1562 in
493 1505 569 1564 dura
589 1504 737 1581 viridique
757 1504 789 1562 in
810 1505 920 1563 cortice
940 1506 1045 1565 sedem

289 1602 454 1672 inveniunt,
476 1620 545 1662 cum
565 1601 642 1662 silva
661 1602 718 1661 sibi
739 1602 844 1662 collisa
863 1610 1020 1662 crematur.
1070 1666 1073 1673 ,

841 1697 952 1758 Mam'l.
978 1716 1003 1758 1.
1024 1699 1130 1776 852-7.

707 1813 779 1855 nam
799 1796 943 1874 quicquid
967 1797 1000 1855 in
1019 1814 1090 1856 usus

289 1893 363 1971 ignis
384 1901 451 1970 eget
470 1893 629 1971 poscitque
649 1912 744 1953 novas
764 1896 805 1953 ad
825 1912 952 1955 munera
967 1894 1104 1953 flammas
1187 1904 1191 1908 “

290 1993 346 2051 sub
367 1999 397 2050 te
418 1993 603 2051 censendum
624 1999 683 2067 est3
706 1992 828 2051 scrutari
848 2009 940 2051 caeca
960 1992 1080 2051 metalla

290 2089 443 2166 depositas
463 2097 494 2149 et
514 2107 589 2166 opes
609 2097 780 2167 terramque
801 2107 924 2149 exurere
944 2089 1038 2159 venis,

289 2187 434 2265 quicquid
456 2195 488 2246 et
506 2194 631 2264 argento
652 2188 819 2258 fabricetur,
842 2187 987 2264 quicquid
1011 2195 1041 2247 et
1061 2205 1143 2258 auro,

289 2286 372 2362 quod
397 2284 506 2344 ferrum
528 2284 619 2345 calidi
638 2285 756 2344 solvant
777 2292 870 2362 atque
890 2303 961 2344 aera
981 2284 1101 2357 camini,

287 2389 558 2459 consummentque
579 2382 638 2441 foci
658 2381 809 2453 Cererem,
831 2390 884 2440 tua
900 2400 1026 2441 munera
1036 2389 1167 2459 surgent.

882 2479 929 2537 Id.
951 2496 980 2552 4.
1003 2492 1128 2554 244-51.

367 2573 506 2654 (lighting
522 2572 554 2653 a)
582 2572 660 2652 Verg.
675 2573 749 2634 Aen.
765 2592 789 2634 1.
805 2574 912 2651 174-6;
926 2573 1074 2633 Moretum
1087 2589 1170 2652 5-15.

369 2672 552 2752 (forest-fine)
602 2671 679 2750 Verg.
723 2673 825 2750 Georg.
856 2689 883 2732 2.
911 2688 1063 2748 303·311;
1095 2672 1168 2731 Aen.

410 2787 455 2830 10.
477 2785 580 2848 405-9,
607 2786 651 2829 12.
674 2785 785 2847 521-2;
807 2766 863 2828 Sil.
884 2769 953 2828 Ital.
975 2787 1004 2845 4.
1019 2767 1168 2847 679-686.

370 2868 492 2940 (houses
523 2887 564 2927 on
594 2869 659 2939 fire)
686 2867 764 2944 Verg.
786 2867 858 2927 Aen.
881 2883 908 2926 2.
930 2882 1033 2943 310·2,
1057 2866 1167 2944 758·9;

409 2963 482 3024 luc.
507 2982 552 3025 10.
574 2979 719 3043 497·503.

207 3061 391 3123 lusu-Oa.
412 3063 487 3122 Hal.
508 3078 638 3142 94·13²;
659 3060 731 3120 Aur.
752 3062 828 3140 Idyl.
854 3079 899 3122 10.
922 3076 1051 3139 75·149;
1073 3061 1167 3139 Epist.

367 3178 396 3237 4·
418 3159 522 3238 59·62·

368 3263 433 3330 (out
453 3259 488 3318 of
504 3255 606 3337 water)
626 3257 698 3318 Aus.
719 3257 796 3336 Idyl.
821 3274 867 3318 10.
889 3272 1035 3336 259·273.

370 3355 496 3431 (chased
517 3356 733 3433 by‘dolphins)
754 3353 828 3414 Stat.
854 3355 938 3414 mab.
959 3371 989 3433 9.
1012 3369 1115 3432 241·7.

208 3452 537 3530 rrsuunuAN.-—Verg.
563 3453 665 3531 Georg.
691 3471 716 3512 1.
741 3469 848 3530 141·2;
863 3451 937 3513 Aen.
955 3469 1000 3512 12.
1017 3453 1166 3531 518·520;

372 3551 426 3611 Ov.
454 3550 528 3610 Hal.
558 3536 645 3629 82-93
673 3550 747 3610 Met.
780 3569 807 3628 3.
840 3551 983 3630 586-591,
1014 3552 1042 3611 8.
1065 3552 1168 3629 855-8,

374 3665 418 3725 13·
444 3665 597 3727 922-9393
618 3650 688 3708 Luc.
711 3663 739 3726 5.
762 3664 910 3726 513-527;
932 3646 1009 3709 Stat.
1033 3649 1117 3708 neb.
1140 3664 1167 3728 7.

368 3749 502 3824 718·722
510 3767 519 3824 ;
529 3746 685 3825 Aucldyl.
697 3763 742 3807 ro.
754 3747 902 3823 240·282;
914 3745 1011 3825 Epist.
1019 3764 1048 3823 4.
1062 3747 1167 3825 52·62.
