2752 4284
185 347 221 398 30
561 341 754 392 FLA-FLE

265 527 295 579 et
317 519 470 596 placidum
491 519 621 578 inductis
642 538 775 580 everrere
795 520 906 579 retibus
927 538 1040 597 aequor

269 616 465 692 litoribusque
485 616 544 674 suis
565 618 694 693 populos
718 635 869 694 exponere
888 625 1002 694 captos,

265 722 322 774 aut
341 731 435 772 uncos
456 714 553 773 celare
573 713 647 773 cibis
669 722 720 774 aut
738 733 857 794 carcere
877 715 1022 775 fraudem.

187 795 194 806 ⁸
817 809 927 894 Manil.
948 829 977 886 4.
999 811 1101 888 2857.

262 916 337 969 sunt
357 908 465 985 quibus
485 908 517 966 in
536 916 632 985 ponto
653 909 785 968 studium
803 917 849 968 est
869 909 984 986 cepisse
1004 909 1131 970 ferarum

272 1007 404 1066 diversas
424 1005 515 1064 facies
535 1014 566 1065 et
586 1025 678 1066 caeco
698 1025 796 1065 mersa
815 1008 967 1087 profundo

264 1112 396 1164 sternere
416 1104 526 1163 litoreis
546 1113 747 1164 monstrorum
767 1122 894 1180 corpora
913 1105 1042 1176 harenis,

265 1202 513 1277 horrendumque
533 1201 613 1260 fretis
634 1202 667 1259 in
686 1201 766 1261 bella
785 1201 930 1261 lacessere
949 1210 1084 1279 pontum,

154 1305 157 1310 “
267 1307 298 1359 et
322 1299 421 1358 colare
443 1316 535 1375 vagos
555 1298 684 1357 inductis
705 1299 817 1357 retibus
836 1317 949 1369 amnes,

242 1414 244 1417 ·
267 1414 302 1456 ac
323 1413 378 1472 per
397 1395 479 1455 nulla
498 1395 583 1472 sequi
604 1395 744 1455 dubitant
764 1396 887 1472 vestigia
905 1399 1043 1473 praedas.

838 1493 886 1551 Id.
908 1508 936 1569 5.
961 1494 1101 1571 189·194.

264 1591 319 1651 hic
339 1590 429 1649 trahit
452 1590 485 1648 in
503 1591 600 1667 pelagi
621 1591 730 1649 caedes
752 1598 782 1650 et
802 1591 926 1650 vulnera
946 1599 1034 1651 natos

264 1688 448 1766 squamigeri
464 1688 577 1764 gregis:
600 1688 727 1747 extentis
745 1689 885 1765 laqueare
907 1689 1090 1765 profundum

267 1786 384 1845 retibus
404 1793 435 1843 et
453 1793 582 1862 pontum
602 1785 704 1844 vinclis
724 1794 822 1846 artare
842 1785 1002 1861 furentem;

266 1891 297 1943 et
319 1883 398 1941 velut
418 1883 450 1939 in
470 1882 538 1941 laxo
563 1900 681 1941 securas
702 1900 834 1959 aequore
853 1882 968 1960 phocas

266 1979 434 2039 carceribus
454 1980 598 2037 claudunt
618 1979 689 2038 raris
709 1987 739 2038 et
762 1981 911 2057 compede
931 1989 1064 2052 nectunt,

266 2078 465 2152 incautosque
485 2076 607 2134 trahunt
623 2076 807 2134 macularum
828 2077 941 2137 lumine
961 2079 1103 2138 thurinos.

268 2193 327 2233 nec
347 2173 462 2250 cepisse
482 2181 528 2232 sat
550 2181 595 2232 est
601 2193 609 2248 3
631 2175 780 2232 luctantur
800 2193 927 2251 corpora
946 2177 1043 2247 nodis,

268 2278 492 2348 expectantque
512 2289 606 2330 novas
627 2271 715 2342 acies,
736 2272 875 2348 ferroque
890 2281 1050 2343 necantur,

270 2369 458 2445 inficiturque
478 2386 532 2426 suo
553 2369 715 2445 permixtus
735 2370 881 2447 sanguine
900 2379 1020 2447 pontus.

776 2473 777 2476 ¹
824 2505 827 2509 .
859 2467 937 2545 ,ra
960 2466 1103 2544 059·oo7.

188 2565 493 2623 remuriam—Iun
515 2579 542 2639 3.
564 2560 687 2639 86-103.

188 2660 500 2740 FLEET.-(building)
528 2659 607 2738 Verg.
628 2661 701 2719 Aen.
726 2678 771 2721 11.
794 2659 903 2738 32'6·9;
925 2657 1000 2720 Stat.
1021 2660 1091 2719 Aah.
1117 2678 1141 2719 1.

349 2759 494 2834 420·430·
1154 2764 1159 2772 “

721 2861 780 2934 (cp.
801 2870 928 2925 vassu,
950 2854 1102 2931 building).

350 2953 497 3031 (starting)
532 2951 610 3030 Verg.
631 2952 703 3012 Aen.
725 2971 754 3028 4.
776 2966 920 3032 397·400,
942 2950 1046 3027 416-8,
1068 2965 1140 3028 571·

387 3050 455 3127 583,
483 3066 510 3128 5·
538 3050 647 3128 777·8;
669 3051 740 3110 Luc·
763 3065 790 3127 5·
811 3048 915 3128 426o,
938 3049 1047 3126 703·8;
1068 3047 1141 3108 Stat·

389 3149 460 3216 Aci.
486 3166 510 3207 1.
532 3147 637 3224 441·6.

350 3242 395 3323 (at
415 3245 478 3323 sea)
505 3244 583 3324 Verg.
605 3245 677 3305 Aen.
700 3260 727 3322 5.
749 3244 893 3321 827·834.

348 3343 392 3421 (in
423 3363 442 3403 a
472 3349 578 3418 storm)
616 3343 694 3422 Verg.
724 3342 796 3401 Aen.
826 3359 850 3402 1.
877 3342 980 3418 534-8,
1003 3355 1031 3419 5.
1052 3341 1140 3418 8·16;

386 3441 457 3500 Luc·
479 3459 507 3519 9·
530 3456 673 3519 smair·

268 3557 304 3598 ac
324 3539 404 3598 velut
422 3558 461 3599 ex
481 3540 543 3599 alto
564 3557 632 3598 cum
652 3557 778 3617 magnus
797 3538 944 3597 inhorruit
964 3537 1074 3596 Auster

267 3644 297 3696 et
315 3638 417 3714 pulsas
437 3637 542 3696 evertit
560 3654 663 3713 aquas,
685 3655 750 3695 non
770 3654 853 3695 arma
873 3635 1022 3706 ministris,

268 3753 331 3793 non
352 3735 485 3813 regimen
501 3736 625 3812 prodest
631 3755 639 3810 ;
661 3734 731 3812 ligat
753 3735 826 3794 alter
846 3734 984 3811 pondera
1003 3733 1100 3811 pinus,
