2752 4284
206 376 239 427 42
645 370 727 420 HOU

284 548 430 607 flexibiles
451 549 549 618 rictus,
572 556 602 607 et
623 567 703 607 nuuc
725 549 841 607 cervice
861 555 960 606 rotata

286 646 391 723 incipit
412 647 522 704 effusos
543 647 574 703 in
594 665 700 723 gyrum
722 665 844 723 carpere
864 664 978 704 cursus.

471 741 534 801 Sal.
556 745 642 802 Bass.
664 745 764 804 Carm.
786 746 827 802 ad
849 745 999 802 Pisonem.
1021 758 1125 820 49-54.

207 839 452 900 Hormus-Oa.
473 840 547 899 Hal.
570 855 586 916 7
590 840 679 916 5·81;
695 842 766 899 Luc.
781 858 809 915 4.
825 858 936 916 440-43
957 839 1059 899 Claud.
1070 840 1166 898 Laud.

367 937 433 996 Stil.
456 954 484 1013 3.
506 953 650 1015 297-301.

368 1036 426 1113 Cp.
466 1035 596 1107 Gratius,
628 1037 774 1115 Cyneget.
800 1034 946 1114 150-496;
968 1036 1166 1107 Nemesianus,

408 1134 554 1211 Cyneget.
580 1150 723 1212 103·239.

367 1238 420 1304 (ou
439 1233 492 1292 the
513 1232 592 1307 trail)

286 1348 364 1389 unus
384 1330 568 1407 praesidium
588 1338 680 1406 atque
701 1331 784 1407 operi
804 1349 873 1408 spes
893 1349 1003 1408 magna
1022 1330 1117 1407 petito

287 1436 457 1504 assumptus
478 1436 621 1505 metagon
642 1428 745 1487 lustrat
764 1447 819 1505 per
839 1438 913 1488 nota
933 1430 1062 1488 ferarum

194 1560 197 1565 v
285 1543 406 1603 pascua,
428 1543 482 1602 per
502 1525 609 1596 fontes,
631 1545 686 1602 per
705 1545 781 1603 quas
801 1527 908 1585 trivere
929 1527 1067 1596 latebras,

286 1624 401 1700 primae
423 1623 496 1681 lucis
517 1641 609 1700 opus:
631 1632 695 1682 tum
716 1624 802 1701 signa
822 1643 934 1701 vapore
955 1625 1051 1683 ferino

288 1720 470 1780 intemerata
491 1721 601 1797 legens,
624 1722 649 1780 si
670 1741 731 1799 qua
752 1730 798 1782 est
818 1740 879 1799 qua
900 1723 1010 1780 fallitur
1030 1723 1093 1781 eius

286 1819 374 1878 turba
394 1819 460 1890 loci,
482 1819 597 1878 maiore
617 1827 700 1879 secat
720 1821 817 1897 spatia
838 1828 940 1879 extera
961 1839 1043 1897 gyro,

287 1924 381 1994 atque
402 1918 452 1976 hic
473 1936 592 1994 egressu
612 1918 672 1976 iam
693 1926 756 1976 tum
778 1919 843 1977 siue
864 1919 969 1978 fraude
990 1926 1107 1995 reperto

286 2014 424 2073 incubuit
443 2016 554 2091 spatiis.
568 2059 574 2072 .
589 2059 614 2073 ..

286 2112 342 2170 sed
363 2130 403 2170 ne
423 2131 484 2188 qua
505 2130 543 2170 ex
562 2112 656 2170 nimio
677 2113 782 2172 redeat
803 2113 916 2172 iactura
936 2114 1047 2188 favore,

287 2210 337 2267 lex
357 2209 439 2268 dicta
460 2208 572 2280 officiis,
595 2227 634 2268 ne
654 2229 730 2269 voce
751 2211 910 2270 lacesseret
929 2211 1048 2270 hostem

287 2325 365 2367 neve
385 2308 482 2366 levem
502 2308 648 2384 praedam
670 2316 721 2366 aut
742 2309 890 2386 propioris
910 2309 1037 2387 pignora
1057 2308 1127 2368 lucri

288 2406 443 2482 amplexus
463 2406 576 2482 primos
597 2407 805 2484 nequidquam
827 2408 995 2466 effunderet
1014 2416 1107 2467 actus.

289 2503 349 2562 iam
369 2522 440 2562 vero
462 2505 630 2580 impensum
651 2506 757 2564 melior
777 2507 897 2564 fortuna
917 2506 1052 2564 laborem

287 2620 357 2660 cum
377 2601 518 2678 sequitur,
541 2601 685 2679 iuxtaque
708 2604 817 2662 domus
838 2603 975 2680 quaesita
995 2603 1132 2673 ferarum,

287 2706 320 2756 ut
340 2699 413 2758 sciat
433 2700 569 2758 occultos
590 2708 620 2758 et
641 2701 731 2777 signis
751 2708 854 2778 arguat
874 2701 986 2771 hostes,

287 2804 341 2855 aut
360 2797 468 2856 effecta
488 2798 546 2856 levi
567 2805 693 2857 testatur
711 2799 822 2875 gaudia
843 2799 942 2857 cauda

288 2902 340 2954 aut
360 2895 426 2972 ipsa
446 2895 597 2955 infodiens
618 2895 703 2954 uncis
723 2896 846 2972 vestigia
865 2895 975 2972 plantis

288 2994 405 3052 mandit
425 2993 552 3052 humum
573 2994 705 3053 celsasve
725 3001 887 3070 apprensat
906 2992 1027 3051 naribus
1047 3009 1143 3050 auras,

289 3099 319 3150 et
339 3099 451 3161 tamen,
472 3099 505 3149 ut
526 3109 566 3157 ne
586 3093 683 3168 prima
704 3091 854 3150 faventem
875 3091 1002 3168 pignora
1021 3090 1132 3159 fallant,

288 3189 368 3248 circa
388 3207 509 3247 omnem
530 3189 654 3266 aspretis
674 3189 791 3247 medius
813 3206 873 3265 qua
893 3189 1042 3247 clauditur
1062 3187 1142 3246 orbis

289 3286 365 3344 ferre
384 3287 504 3362 pedem,
527 3305 724 3363 accessusque
738 3287 898 3363 abitusque
908 3294 1030 3345 notasse
1039 3287 1168 3345 ferarum

288 3385 442 3454 admonet,
465 3392 503 3454 et,
525 3385 549 3443 si
568 3385 644 3443 forte
664 3385 720 3443 loci
740 3403 809 3461 spes
829 3385 925 3461 prima
945 3384 1057 3455 fefellit,

288 3495 397 3551 (rarum
419 3485 519 3558 opus),
541 3483 676 3541 incubuit
696 3484 799 3559 spatiis
820 3483 860 3542 ad
881 3501 1025 3560 prospera
1047 3483 1146 3554 versis,

289 3578 402 3637 intacto
420 3587 560 3655 repetens
580 3580 676 3657 prima
697 3581 737 3638 ad
758 3579 882 3656 vestigia
901 3598 984 3657 gyro.

651 3678 734 3736 Grai.
756 3677 861 3735 Falisc.
883 3678 961 3754 Cyn.
984 3677 1127 3754 220ss245.

368 3773 442 3848 (aud
463 3775 548 3850 hare)
573 3774 627 3834 Ou.
648 3772 721 3833 Met.
746 3792 771 3832 1.
794 3774 897 3851 533-8.
