2752 4284
600 339 816 389 LYR-MAN

267 517 430 578 'Afrorum
452 519 608 589 excutitur,
630 537 671 576 ne
691 518 770 577 desit
789 518 880 576 belua
900 518 992 576 dente

288 618 328 675 ad
349 625 461 675 mortes
481 616 613 692 pretiosa
633 634 720 691 suas;
741 615 851 693 premit
870 616 991 674 advena
1011 616 1121 676 classes

287 714 367 791 tigris
388 721 418 773 et
439 721 544 773 aurata
564 714 704 790 gradiens
724 721 858 772 vectatur
876 713 910 770 in
930 714 1008 784 aula,

288 819 321 869 ut
340 812 425 870 bibat
445 811 614 870 humanum
633 811 748 888 populo
772 811 935 887 plaudente
955 830 1091 870 cruorem
1105 855 1110 870 .
1125 856 1131 868 .
1144 856 1170 870 ..
1199 794 1201 799 ⁸

287 908 352 985 ipsa
374 926 442 968 suas
463 908 540 967 vires
561 908 627 967 odit
646 909 787 967 Romana
807 909 944 968 iuventus

287 1014 318 1065 et
339 1025 414 1083 quas
434 1007 541 1065 struxit
562 1025 644 1084 opes,
666 1007 745 1067 male
766 1007 901 1066 sustinet.
925 1007 1050 1083 adspice
1072 1008 1131 1066 late

288 1105 435 1163 luxuriam
457 1105 620 1182 spoliorum
642 1114 672 1164 et
692 1123 816 1164 censum
836 1105 869 1162 in
882 1105 996 1164 damna
1009 1105 1170 1165 furentem.

288 1202 451 1261 aedificant
471 1221 547 1262 auro
568 1204 717 1280 sedesque
738 1202 769 1260 in
790 1202 889 1261 sidera
909 1203 1039 1273 mittunt,

287 1301 475 1376 expelluntur
497 1319 596 1377 aquae
616 1301 704 1372 saxis,
726 1318 809 1359 mare
829 1299 960 1358 nascitur
980 1299 1067 1371 arvis,

287 1406 318 1456 et
337 1406 507 1475 permutata
527 1417 625 1458 rerum
647 1399 776 1457 statione
796 1398 951 1456 rebellant.

287 1513 327 1553 en
348 1496 438 1554 etiam
459 1514 529 1555 mea
550 1495 602 1570 (sc.
617 1496 772 1574 Plutonis)
792 1514 884 1573 regna
904 1503 1020 1572 petunt.
1037 1497 1171 1573 perfossa

368 1593 498 1652 dehiscit

286 1691 416 1750 molibus
437 1691 551 1750 insanis
571 1692 666 1763 tellus,
687 1691 748 1750 iam
768 1691 922 1751 montibus
942 1691 1056 1751 haustis

287 1797 374 1848 antra
394 1796 527 1866 gemunt,
550 1797 580 1848 et
601 1788 674 1848 dum
695 1808 790 1849 vanos
811 1790 886 1866 lapis
908 1789 1023 1849 invenit
1042 1808 1121 1860 usus,

287 1886 395 1946 inferni
415 1905 521 1946 manes
542 1888 660 1946 caelum
681 1906 800 1966 sperare
820 1887 968 1947 iubentur.

745 1985 858 2044 Patron.
879 2004 946 2063 cap.
971 2001 1038 2064 119,
1063 2002 1129 2046 120.

367 2083 451 2159 (iolly
472 2083 514 2158 of)
535 2083 606 2141 Luc.
628 2100 656 2157 4.
679 2082 822 2158 373·382.

206 2180 472 2258 LYRE.-(tuning)
499 2179 553 2240 Ov.
575 2179 649 2240 Met.
668 2197 712 2240 10.
728 2195 819 2257 145·7
831 2202 839 2259 3
853 2178 929 2239 Stat.
940 2181 1012 2240 Aclr.
1028 2198 1052 2241 1.
1068 2180 1168 2241 186-8.

368 2278 503 2356 (playing
523 2283 577 2355 ou)
604 2279 657 2338 Oa.
678 2279 752 2337 Met.
777 2296 822 2338 11.
848 2277 988 2356 165·170.

208 2390 475 2450 numerumn-
483 2376 588 2436 Catull.
611 2375 658 2436 62.
682 2391 785 2454 39·47,
810 2375 858 2452 64.
881 2377 994 2455 86-903
1021 2378 1074 2437 Oa.
1096 2376 1169 2436 Met.

372 2490 397 2533 1·
419 2473 564 2551 474·487·

208 2584 292 2631 MAN.
864 2629 868 2638 .

289 2669 356 2748 quis
378 2671 496 2730 dubitet
517 2671 683 2748 posthaec
704 2671 859 2731 hominem
880 2671 1062 2749 coniungere
1076 2672 1169 2742 caele,

289 2769 338 2828 cui
359 2769 446 2828 dedit
467 2769 609 2828 eximiam
629 2770 759 2847 linguam
780 2779 887 2829 natura
907 2789 1065 2847 capaxque

288 2865 442 2945 ingenium
463 2869 679 2946 volucremque
699 2868 858 2928 animum?
880 2887 971 2946 quem
993 2868 1125 2944 denique
1141 2868 1171 2926 iu

329 2984 427 3023 unum

290 3062 448 3123 descendit
479 3064 554 3122 deus
575 3071 667 3139 atque
688 3063 805 3123 habitat
824 3082 919 3140 seque
939 3062 1003 3140 ipse
1024 3063 1171 3140 requirit?

843 3159 954 3218 Manil.
977 3177 1004 3219 2.
1030 3159 1131 3235 105·8.

289 3256 350 3317 iam
370 3275 523 3336 nusquam
544 3266 652 3318 natura
672 3259 762 3334 latet;
783 3259 967 3337 pervidimus
987 3277 1110 3318 omnem

290 3363 321 3414 et
341 3364 431 3431 capto
453 3355 584 3432 potimur
603 3358 720 3416 mundo
741 3365 936 3433 nostrumque
956 3364 1123 3435 parentem,

289 3471 357 3530 pars
382 3471 445 3529 sua,
475 3454 680 3535 perspicimus,
706 3455 860 3533 genitique
883 3455 1056 3514 accedimus
1077 3455 1171 3514 astris.

290 3569 331 3610 an
352 3552 478 3610 dubium
501 3560 547 3610 est
569 3552 705 3612 habitare
726 3554 818 3612 deum
838 3554 893 3612 sub
907 3561 1030 3630 pectore
1044 3560 1157 3621 nostre,

289 3649 321 3707 in
342 3651 521 3728 caelumque
542 3650 639 3710 redire
660 3651 777 3711 animas
798 3653 943 3729 caeloque
964 3651 1091 3710 venire?
1104 3694 1110 3708 .
1125 3693 1150 3707 ..
1207 3662 1213 3673 ’

289 3765 330 3806 an
352 3766 506 3825 quoquam
527 3748 645 3826 genitos
666 3749 724 3809 nisi
745 3750 830 3809 caelo
851 3751 974 3810 credere
994 3751 1039 3809 fas
1060 3757 1106 3808 est
