<?xml version="1.0" encoding="UTF-8"?>
<!DOCTYPE html PUBLIC "-//W3C//DTD XHTML 1.0 Transitional//EN"
    "http://www.w3.org/TR/xhtml1/DTD/xhtml1-transitional.dtd">
<html xmlns="http://www.w3.org/1999/xhtml" xml:lang="en" lang="en">
 <head>
  <title>
</title>
<meta http-equiv="Content-Type" content="text/html;charset=utf-8" />
  <meta name='ocr-system' content='tesseract 3.04.00' />
  <meta name='ocr-capabilities' content='ocr_page ocr_carea ocr_par ocr_line ocrx_word'/>
</head>
<body>
  <div class='ocr_page' id='page_1' title='image "./poetarumlatinor00benegoog_0030.png"; bbox 0 0 2752 4284; ppageno 0'>
   <div class='ocr_carea' id='block_1_1' title="bbox 618 314 695 362">
    <p class='ocr_par' dir='ltr' id='par_1_1' title="bbox 618 314 695 362">
     <span class='ocr_line' id='line_1_1' title="bbox 618 314 695 362; baseline 0 0"><span class='ocrx_word' id='word_1_1' title='bbox 618 314 695 362; x_wconf 89' lang='lat' dir='ltr'>CHA</span> 
     </span>
    </p>
   </div>
   <div class='ocr_carea' id='block_1_2' title="bbox 166 491 1133 3794">
    <p class='ocr_par' dir='ltr' id='par_1_2' title="bbox 166 491 1133 3794">
     <span class='ocr_line' id='line_1_2' title="bbox 256 491 1035 570; baseline 0.001 -19"><span class='ocrx_word' id='word_1_2' title='bbox 256 491 415 568; x_wconf 87' lang='lat' dir='ltr'><strong>amisitque</strong></span> <span class='ocrx_word' id='word_1_3' title='bbox 435 492 528 550; x_wconf 86' lang='lat' dir='ltr'>fidem</span> <span class='ocrx_word' id='word_1_4' title='bbox 548 491 694 551; x_wconf 88' lang='lat' dir='ltr'>variando</span> <span class='ocrx_word' id='word_1_5' title='bbox 714 500 897 570; x_wconf 87' lang='lat' dir='ltr'>cunctaper</span> <span class='ocrx_word' id='word_1_6' title='bbox 917 512 1035 554; x_wconf 90' lang='lat' dir='ltr'>omnes.</span> 
     </span>
     <span class='ocr_line' id='line_1_3' title="bbox 255 589 1040 674; baseline 0.004 -26"><span class='ocrx_word' id='word_1_7' title='bbox 255 607 318 648; x_wconf 89' lang='lat' dir='ltr'>non</span> <span class='ocrx_word' id='word_1_8' title='bbox 339 589 426 647; x_wconf 92' lang='lat' dir='ltr'>annis</span> <span class='ocrx_word' id='word_1_9' title='bbox 446 589 527 674; x_wconf 86' lang='lat' dir='ltr'>anni,</span> <span class='ocrx_word' id='word_1_10' title='bbox 549 608 611 648; x_wconf 92' lang='lat' dir='ltr'>non</span> <span class='ocrx_word' id='word_1_11' title='bbox 632 608 752 650; x_wconf 91' lang='lat' dir='ltr'>menses</span> <span class='ocrx_word' id='word_1_12' title='bbox 771 591 924 650; x_wconf 91' lang='lat' dir='ltr'>mensibus</span> <span class='ocrx_word' id='word_1_13' title='bbox 944 610 1040 669; x_wconf 87' lang='lat' dir='ltr'>usque</span> 
     </span>
     <span class='ocr_line' id='line_1_4' title="bbox 255 686 1057 765; baseline 0.001 -20"><span class='ocrx_word' id='word_1_14' title='bbox 255 686 446 757; x_wconf 90' lang='lat' dir='ltr'>conveniunt,</span> <span class='ocrx_word' id='word_1_15' title='bbox 468 704 561 763; x_wconf 92' lang='lat' dir='ltr'>seque</span> <span class='ocrx_word' id='word_1_16' title='bbox 581 687 645 763; x_wconf 92' lang='lat' dir='ltr'>ipse</span> <span class='ocrx_word' id='word_1_17' title='bbox 666 688 731 747; x_wconf 86' lang='lat' dir='ltr'>dies</span> <span class='ocrx_word' id='word_1_18' title='bbox 751 689 903 764; x_wconf 90' lang='lat' dir='ltr'>aliumque</span> <span class='ocrx_word' id='word_1_19' title='bbox 924 688 1057 765; x_wconf 86' lang='lat' dir='ltr'>requirit,</span> 
     </span>
     <span class='ocr_line' id='line_1_5' title="bbox 211 783 985 862; baseline 0.004 -20"><span class='ocrx_word' id='word_1_20' title='bbox 211 798 216 806; x_wconf 81' lang='grc'><em>·</em></span> <span class='ocrx_word' id='word_1_21' title='bbox 254 783 391 860; x_wconf 87' lang='lat' dir='ltr'>horaque</span> <span class='ocrx_word' id='word_1_22' title='bbox 411 800 475 842; x_wconf 91' lang='lat' dir='ltr'>non</span> <span class='ocrx_word' id='word_1_23' title='bbox 495 785 545 841; x_wconf 94' lang='lat' dir='ltr'>ulli</span> <span class='ocrx_word' id='word_1_24' title='bbox 565 785 669 844; x_wconf 91' lang='lat' dir='ltr'>similis</span> <span class='ocrx_word' id='word_1_25' title='bbox 688 785 863 862; x_wconf 87' lang='lat' dir='ltr'>producitur</span> <span class='ocrx_word' id='word_1_26' title='bbox 883 786 985 845; x_wconf 88' lang='lat' dir='ltr'>horae.</span> 
     </span>
     <span class='ocr_line' id='line_1_6' title="bbox 761 883 1086 960; baseline 0.003 -19"><span class='ocrx_word' id='word_1_27' title='bbox 761 883 871 943; x_wconf 81' lang='lat' dir='ltr'>Manil.</span> <span class='ocrx_word' id='word_1_28' title='bbox 892 899 920 958; x_wconf 78' lang='lat'>3.</span> <span class='ocrx_word' id='word_1_29' title='bbox 942 896 1086 960; x_wconf 81' lang='lat'>525-532.</span> 
     </span>
     <span class='ocr_line' id='line_1_7' title="bbox 253 979 981 1057; baseline 0.003 -19"><span class='ocrx_word' id='word_1_30' title='bbox 253 979 446 1055; x_wconf 87' lang='lat' dir='ltr'>estaequale</span> <span class='ocrx_word' id='word_1_31' title='bbox 466 979 551 1038; x_wconf 92' lang='lat' dir='ltr'><strong>nihil.</strong></span> <span class='ocrx_word' id='word_1_32' title='bbox 572 988 706 1040; x_wconf 90' lang='lat' dir='ltr'>terrenos</span> <span class='ocrx_word' id='word_1_33' title='bbox 726 981 849 1057; x_wconf 87' lang='lat' dir='ltr'>adspice</span> <span class='ocrx_word' id='word_1_34' title='bbox 869 989 981 1040; x_wconf 90' lang='lat' dir='ltr'>tractus</span> 
     </span>
     <span class='ocr_line' id='line_1_8' title="bbox 253 1077 966 1154; baseline 0.001 -19"><span class='ocrx_word' id='word_1_35' title='bbox 253 1083 284 1135; x_wconf 89' lang='lat' dir='ltr'>et</span> <span class='ocrx_word' id='word_1_36' title='bbox 303 1077 392 1135; x_wconf 88' lang='lat' dir='ltr'>maris</span> <span class='ocrx_word' id='word_1_37' title='bbox 413 1085 443 1134; x_wconf 93' lang='lat' dir='ltr'>et</span> <span class='ocrx_word' id='word_1_38' title='bbox 464 1077 555 1153; x_wconf 81' lang='lat' dir='ltr'>raptis</span> <span class='ocrx_word' id='word_1_39' title='bbox 575 1077 717 1154; x_wconf 84' lang='lat' dir='ltr'>fugientia</span> <span class='ocrx_word' id='word_1_40' title='bbox 737 1078 861 1137; x_wconf 89' lang='lat' dir='ltr'>flumina</span> <span class='ocrx_word' id='word_1_41' title='bbox 882 1077 966 1154; x_wconf 80' lang='lat' dir='ltr'>ripis</span> 
     </span>
     <span class='ocr_line' id='line_1_9' title="bbox 253 1173 1077 1251; baseline 0.002 -19"><span class='ocrx_word' id='word_1_42' title='bbox 253 1173 367 1232; x_wconf 85' lang='lat' dir='ltr'><strong>crimen</strong></span> <span class='ocrx_word' id='word_1_43' title='bbox 380 1174 493 1250; x_wconf 92' lang='lat' dir='ltr'>ubique</span> <span class='ocrx_word' id='word_1_44' title='bbox 507 1174 647 1251; x_wconf 87' lang='lat' dir='ltr'><strong>frequens</strong></span> <span class='ocrx_word' id='word_1_45' title='bbox 661 1183 691 1234; x_wconf 92' lang='lat' dir='ltr'>et</span> <span class='ocrx_word' id='word_1_46' title='bbox 705 1176 787 1234; x_wconf 93' lang='lat' dir='ltr'>laudi</span> <span class='ocrx_word' id='word_1_47' title='bbox 800 1175 892 1234; x_wconf 85' lang='lat' dir='ltr'>noxia</span> <span class='ocrx_word' id='word_1_48' title='bbox 906 1176 1008 1234; x_wconf 89' lang='lat' dir='ltr'>iuncta</span> <span class='ocrx_word' id='word_1_49' title='bbox 1022 1182 1077 1234; x_wconf 88' lang='lat' dir='ltr'>est.</span> 
     </span>
     <span class='ocr_line' id='line_1_10' title="bbox 252 1270 929 1332; baseline 0.003 -3"><span class='ocrx_word' id='word_1_50' title='bbox 252 1270 295 1330; x_wconf 93' lang='lat' dir='ltr'>sic</span> <span class='ocrx_word' id='word_1_51' title='bbox 315 1271 422 1330; x_wconf 90' lang='lat' dir='ltr'>sterilis</span> <span class='ocrx_word' id='word_1_52' title='bbox 442 1271 527 1330; x_wconf 90' lang='lat' dir='ltr'>laetis</span> <span class='ocrx_word' id='word_1_53' title='bbox 548 1272 631 1330; x_wconf 91' lang='lat' dir='ltr'>terris</span> <span class='ocrx_word' id='word_1_54' title='bbox 652 1273 811 1332; x_wconf 82' lang='lat' dir='ltr'>intervenit</span> <span class='ocrx_word' id='word_1_55' title='bbox 830 1284 929 1332; x_wconf 90' lang='lat' dir='ltr'>annus</span> 
     </span>
     <span class='ocr_line' id='line_1_11' title="bbox 252 1369 991 1452; baseline -0.003 -24"><span class='ocrx_word' id='word_1_56' title='bbox 252 1386 288 1428; x_wconf 89' lang='lat' dir='ltr'>ac</span> <span class='ocrx_word' id='word_1_57' title='bbox 308 1369 407 1428; x_wconf 93' lang='lat' dir='ltr'>subito</span> <span class='ocrx_word' id='word_1_58' title='bbox 428 1370 538 1446; x_wconf 86' lang='lat' dir='ltr'><strong>rumpit</strong></span> <span class='ocrx_word' id='word_1_59' title='bbox 557 1388 651 1446; x_wconf 89' lang='lat' dir='ltr'>parvo</span> <span class='ocrx_word' id='word_1_60' title='bbox 673 1370 851 1452; x_wconf 85' lang='lat' dir='ltr'>discrimine</span> <span class='ocrx_word' id='word_1_61' title='bbox 867 1370 991 1428; x_wconf 87' lang='lat' dir='ltr'>foedus:</span> 
     </span>
     <span class='ocr_line' id='line_1_12' title="bbox 252 1465 1129 1546; baseline -0.003 -19"><span class='ocrx_word' id='word_1_62' title='bbox 252 1474 283 1527; x_wconf 90' lang='lat' dir='ltr'>et</span> <span class='ocrx_word' id='word_1_63' title='bbox 302 1469 396 1527; x_wconf 89' lang='lat' dir='ltr'>modo</span> <span class='ocrx_word' id='word_1_64' title='bbox 416 1477 519 1545; x_wconf 92' lang='lat' dir='ltr'>portus</span> <span class='ocrx_word' id='word_1_65' title='bbox 540 1477 603 1527; x_wconf 90' lang='lat' dir='ltr'>erat</span> <span class='ocrx_word' id='word_1_66' title='bbox 622 1469 730 1546; x_wconf 85' lang='lat' dir='ltr'>pelagi,</span> <span class='ocrx_word' id='word_1_67' title='bbox 751 1470 812 1528; x_wconf 89' lang='lat' dir='ltr'>iarn</span> <span class='ocrx_word' id='word_1_68' title='bbox 832 1477 917 1527; x_wconf 90' lang='lat' dir='ltr'>vasta</span> <span class='ocrx_word' id='word_1_69' title='bbox 940 1465 1129 1544; x_wconf 84' lang='lat' dir='ltr'>Charybdis;</span> 
     </span>
     <span class='ocr_line' id='line_1_13' title="bbox 250 1561 1040 1644; baseline -0.001 -22"><span class='ocrx_word' id='word_1_70' title='bbox 250 1562 436 1644; x_wconf 90' lang='lat' dir='ltr'>[laudatique</span> <span class='ocrx_word' id='word_1_71' title='bbox 456 1566 538 1625; x_wconf 89' lang='lat' dir='ltr'>cadit</span> <span class='ocrx_word' id='word_1_72' title='bbox 555 1575 625 1643; x_wconf 90' lang='lat' dir='ltr'>post</span> <span class='ocrx_word' id='word_1_73' title='bbox 644 1566 769 1624; x_wconf 81' lang='lat' dir='ltr'>Paulum</span> <span class='ocrx_word' id='word_1_74' title='bbox 789 1566 883 1642; x_wconf 81' lang='lat' dir='ltr'>gratia</span> <span class='ocrx_word' id='word_1_75' title='bbox 904 1565 1013 1624; x_wconf 89' lang='lat' dir='ltr'>Christi</span> <span class='ocrx_word' id='word_1_76' title='bbox 1020 1561 1040 1641; x_wconf 88' lang='lat'>;]</span> 
     </span>
     <span class='ocr_line' id='line_1_14' title="bbox 251 1662 1109 1740; baseline 0.002 -20"><span class='ocrx_word' id='word_1_77' title='bbox 251 1670 282 1721; x_wconf 90' lang='lat' dir='ltr'>et</span> <span class='ocrx_word' id='word_1_78' title='bbox 301 1680 382 1720; x_wconf 91' lang='lat' dir='ltr'>nunc</span> <span class='ocrx_word' id='word_1_79' title='bbox 402 1681 456 1739; x_wconf 90' lang='lat' dir='ltr'>per</span> <span class='ocrx_word' id='word_1_80' title='bbox 475 1665 623 1740; x_wconf 90' lang='lat' dir='ltr'>scopulos,</span> <span class='ocrx_word' id='word_1_81' title='bbox 645 1683 726 1722; x_wconf 92' lang='lat' dir='ltr'>nunc</span> <span class='ocrx_word' id='word_1_82' title='bbox 747 1664 860 1740; x_wconf 91' lang='lat' dir='ltr'>campis</span> <span class='ocrx_word' id='word_1_83' title='bbox 879 1662 987 1722; x_wconf 86' lang='lat' dir='ltr'>labitur</span> <span class='ocrx_word' id='word_1_84' title='bbox 1001 1662 1109 1734; x_wconf 89' lang='lat' dir='ltr'>amnis,</span> 
     </span>
     <span class='ocr_line' id='line_1_15' title="bbox 166 1759 1064 1840; baseline -0.001 -21"><span class='ocrx_word' id='word_1_85' title='bbox 166 1775 168 1781; x_wconf 85' lang='lat'>·</span> <span class='ocrx_word' id='word_1_86' title='bbox 250 1767 302 1819; x_wconf 91' lang='lat' dir='ltr'>aut</span> <span class='ocrx_word' id='word_1_87' title='bbox 322 1759 435 1820; x_wconf 91' lang='lat' dir='ltr'>faciens</span> <span class='ocrx_word' id='word_1_88' title='bbox 455 1761 518 1832; x_wconf 90' lang='lat' dir='ltr'>iter,</span> <span class='ocrx_word' id='word_1_89' title='bbox 540 1770 592 1821; x_wconf 91' lang='lat' dir='ltr'>aut</span> <span class='ocrx_word' id='word_1_90' title='bbox 612 1780 770 1840; x_wconf 87' lang='lat' dir='ltr'>quaerens,</span> <span class='ocrx_word' id='word_1_91' title='bbox 792 1761 917 1820; x_wconf 89' lang='lat' dir='ltr'>curritve</span> <span class='ocrx_word' id='word_1_92' title='bbox 937 1761 1064 1819; x_wconf 91' lang='lat' dir='ltr'>reditve.</span> 
     </span>
     <span class='ocr_line' id='line_1_16' title="bbox 824 1843 1087 1933; baseline -0.004 -17"><span class='ocrx_word' id='word_1_93' title='bbox 824 1859 870 1920; x_wconf 86' lang='lat' dir='ltr'>Id.</span> <span class='ocrx_word' id='word_1_94' title='bbox 892 1876 920 1933; x_wconf 88' lang='lat'>4.</span> <span class='ocrx_word' id='word_1_95' title='bbox 942 1843 1087 1933; x_wconf 49' lang='lat' dir='ltr'>arrd-42¹4.</span> 
     </span>
     <span class='ocr_line' id='line_1_17' title="bbox 550 1955 1008 2032; baseline -0.007 -16"><span class='ocrx_word' id='word_1_96' title='bbox 550 1975 607 2016; x_wconf 92' lang='lat' dir='ltr'>nec</span> <span class='ocrx_word' id='word_1_97' title='bbox 627 1955 709 2016; x_wconf 92' lang='lat' dir='ltr'>enim</span> <span class='ocrx_word' id='word_1_98' title='bbox 729 1956 871 2015; x_wconf 90' lang='lat' dir='ltr'>facundia</span> <span class='ocrx_word' id='word_1_99' title='bbox 890 1973 1008 2032; x_wconf 87' lang='lat' dir='ltr'><strong>semper</strong></span> 
     </span>
     <span class='ocr_line' id='line_1_18' title="bbox 249 2051 1133 2133; baseline 0 -19"><span class='ocrx_word' id='word_1_100' title='bbox 249 2055 382 2114; x_wconf 90' lang='lat' dir='ltr'>adducta</span> <span class='ocrx_word' id='word_1_101' title='bbox 402 2073 471 2114; x_wconf 91' lang='lat' dir='ltr'>cum</span> <span class='ocrx_word' id='word_1_102' title='bbox 491 2055 589 2114; x_wconf 91' lang='lat' dir='ltr'>fronte</span> <span class='ocrx_word' id='word_1_103' title='bbox 608 2056 719 2132; x_wconf 88' lang='lat' dir='ltr'>placet;</span> <span class='ocrx_word' id='word_1_104' title='bbox 742 2073 799 2113; x_wconf 92' lang='lat' dir='ltr'>nec</span> <span class='ocrx_word' id='word_1_105' title='bbox 819 2072 938 2130; x_wconf 86' lang='lat' dir='ltr'><strong>semper</strong></span> <span class='ocrx_word' id='word_1_106' title='bbox 951 2051 1087 2114; x_wconf 90' lang='lat' dir='ltr'>inarmis</span> <span class='ocrx_word' id='word_1_107' title='bbox 1130 2127 1133 2133; x_wconf 23' lang='grc' dir='ltr'>Ι</span> 
     </span>
     <span class='ocr_line' id='line_1_19' title="bbox 194 2151 1048 2228; baseline -0.002 -18"><span class='ocrx_word' id='word_1_108' title='bbox 194 2207 200 2220; x_wconf 81' lang='grc'>,</span> <span class='ocrx_word' id='word_1_109' title='bbox 248 2151 355 2212; x_wconf 88' lang='lat' dir='ltr'>bellica</span> <span class='ocrx_word' id='word_1_110' title='bbox 375 2153 462 2212; x_wconf 88' lang='lat' dir='ltr'>turba</span> <span class='ocrx_word' id='word_1_111' title='bbox 481 2161 585 2212; x_wconf 90' lang='lat' dir='ltr'>manet</span> <span class='ocrx_word' id='word_1_112' title='bbox 592 2173 599 2228; x_wconf 91' lang='grc'><strong>;</strong></span> <span class='ocrx_word' id='word_1_113' title='bbox 621 2172 678 2213; x_wconf 92' lang='lat' dir='ltr'>nec</span> <span class='ocrx_word' id='word_1_114' title='bbox 699 2161 762 2212; x_wconf 89' lang='lat' dir='ltr'>tota</span> <span class='ocrx_word' id='word_1_115' title='bbox 783 2153 922 2211; x_wconf 89' lang='lat' dir='ltr'>classicus</span> <span class='ocrx_word' id='word_1_116' title='bbox 943 2152 1048 2210; x_wconf 89' lang='lat' dir='ltr'>horror</span> 
     </span>
     <span class='ocr_line' id='line_1_20' title="bbox 248 2248 1066 2328; baseline 0.001 -21"><span class='ocrx_word' id='word_1_117' title='bbox 248 2259 338 2309; x_wconf 88' lang='lat' dir='ltr'>nocte</span> <span class='ocrx_word' id='word_1_118' title='bbox 358 2251 469 2328; x_wconf 92' lang='lat' dir='ltr'>dieque</span> <span class='ocrx_word' id='word_1_119' title='bbox 488 2251 595 2328; x_wconf 84' lang='lat' dir='ltr'>gemit;</span> <span class='ocrx_word' id='word_1_120' title='bbox 618 2270 675 2310; x_wconf 92' lang='lat' dir='ltr'>nec</span> <span class='ocrx_word' id='word_1_121' title='bbox 695 2269 813 2327; x_wconf 85' lang='lat' dir='ltr'><strong>semper</strong></span> <span class='ocrx_word' id='word_1_122' title='bbox 834 2248 981 2310; x_wconf 91' lang='lat' dir='ltr'>Gnossius</span> <span class='ocrx_word' id='word_1_123' title='bbox 995 2267 1066 2308; x_wconf 90' lang='lat' dir='ltr'>arcu</span> 
     </span>
     <span class='ocr_line' id='line_1_21' title="bbox 248 2348 991 2426; baseline -0.003 -19"><span class='ocrx_word' id='word_1_124' title='bbox 248 2348 388 2420; x_wconf 88' lang='lat' dir='ltr'>destinat,</span> <span class='ocrx_word' id='word_1_125' title='bbox 410 2357 551 2426; x_wconf 90' lang='lat' dir='ltr'>exempto</span> <span class='ocrx_word' id='word_1_126' title='bbox 572 2351 627 2408; x_wconf 88' lang='lat' dir='ltr'>sed</span> <span class='ocrx_word' id='word_1_127' title='bbox 647 2350 728 2407; x_wconf 91' lang='lat' dir='ltr'>laxat</span> <span class='ocrx_word' id='word_1_128' title='bbox 748 2367 862 2407; x_wconf 91' lang='lat' dir='ltr'>cornua</span> <span class='ocrx_word' id='word_1_129' title='bbox 882 2365 991 2406; x_wconf 85' lang='lat' dir='ltr'>nervo:</span> 
     </span>
     <span class='ocr_line' id='line_1_22' title="bbox 248 2445 999 2524; baseline -0.001 -21"><span class='ocrx_word' id='word_1_130' title='bbox 248 2453 279 2504; x_wconf 92' lang='lat' dir='ltr'>et</span> <span class='ocrx_word' id='word_1_131' title='bbox 297 2447 384 2524; x_wconf 87' lang='lat' dir='ltr'>galea</span> <span class='ocrx_word' id='word_1_132' title='bbox 403 2447 488 2506; x_wconf 89' lang='lat' dir='ltr'>miles</span> <span class='ocrx_word' id='word_1_133' title='bbox 509 2455 607 2523; x_wconf 91' lang='lat' dir='ltr'>caput,</span> <span class='ocrx_word' id='word_1_134' title='bbox 630 2455 660 2506; x_wconf 93' lang='lat' dir='ltr'>et</span> <span class='ocrx_word' id='word_1_135' title='bbox 681 2447 757 2505; x_wconf 93' lang='lat' dir='ltr'>latus</span> <span class='ocrx_word' id='word_1_136' title='bbox 778 2465 850 2506; x_wconf 88' lang='lat' dir='ltr'>ense</span> <span class='ocrx_word' id='word_1_137' title='bbox 870 2445 999 2505; x_wconf 88' lang='lat' dir='ltr'>resolvit.</span> 
     </span>
     <span class='ocr_line' id='line_1_23' title="bbox 246 2543 966 2621; baseline -0.001 -20"><span class='ocrx_word' id='word_1_138' title='bbox 246 2543 312 2621; x_wconf 91' lang='lat' dir='ltr'>ipsa</span> <span class='ocrx_word' id='word_1_139' title='bbox 332 2545 413 2605; x_wconf 89' lang='lat' dir='ltr'>vices</span> <span class='ocrx_word' id='word_1_140' title='bbox 433 2553 539 2605; x_wconf 90' lang='lat' dir='ltr'>natura</span> <span class='ocrx_word' id='word_1_141' title='bbox 559 2545 647 2615; x_wconf 90' lang='lat' dir='ltr'>subit,</span> <span class='ocrx_word' id='word_1_142' title='bbox 670 2545 849 2621; x_wconf 88' lang='lat' dir='ltr'>variataque.</span> <span class='ocrx_word' id='word_1_143' title='bbox 864 2561 966 2602; x_wconf 91' lang='lat' dir='ltr'>cursus</span> 
     </span>
     <span class='ocr_line' id='line_1_24' title="bbox 247 2642 1039 2718; baseline -0.004 -18"><span class='ocrx_word' id='word_1_144' title='bbox 247 2642 376 2713; x_wconf 88' lang='lat' dir='ltr'>ordinat,</span> <span class='ocrx_word' id='word_1_145' title='bbox 398 2642 521 2702; x_wconf 91' lang='lat' dir='ltr'>inversis</span> <span class='ocrx_word' id='word_1_146' title='bbox 542 2651 572 2702; x_wconf 91' lang='lat' dir='ltr'>et</span> <span class='ocrx_word' id='word_1_147' title='bbox 592 2643 748 2701; x_wconf 84' lang='lat' dir='ltr'>frondibus</span> <span class='ocrx_word' id='word_1_148' title='bbox 769 2642 900 2718; x_wconf 56' lang='lat' dir='ltr'>explicat,</span> <span class='ocrx_word' id='word_1_149' title='bbox 916 2657 1039 2699; x_wconf 89' lang='lat' dir='ltr'>annum.</span> 
     </span>
     <span class='ocr_line' id='line_1_25' title="bbox 247 2738 1028 2817; baseline -0.005 -19"><span class='ocrx_word' id='word_1_150' title='bbox 247 2757 310 2798; x_wconf 89' lang='lat' dir='ltr'>non</span> <span class='ocrx_word' id='word_1_151' title='bbox 330 2758 449 2817; x_wconf 90' lang='lat' dir='ltr'><strong>semper</strong></span> <span class='ocrx_word' id='word_1_152' title='bbox 467 2741 567 2799; x_wconf 89' lang='lat' dir='ltr'>fluidis</span> <span class='ocrx_word' id='word_1_153' title='bbox 588 2742 751 2817; x_wconf 92' lang='lat' dir='ltr'>adopertus</span> <span class='ocrx_word' id='word_1_154' title='bbox 772 2739 902 2797; x_wconf 91' lang='lat' dir='ltr'>nubibus</span> <span class='ocrx_word' id='word_1_155' title='bbox 922 2738 1028 2798; x_wconf 89' lang='lat' dir='ltr'><strong>aether</strong></span> 
     </span>
     <span class='ocr_line' id='line_1_26' title="bbox 246 2826 918 2909; baseline 0 -13"><span class='ocrx_word' id='word_1_156' title='bbox 246 2854 338 2897; x_wconf 88' lang='lat' dir='ltr'>aurea</span> <span class='ocrx_word' id='word_1_157' title='bbox 358 2838 492 2897; x_wconf 89' lang='lat' dir='ltr'>terrificis</span> <span class='ocrx_word' id='word_1_158' title='bbox 512 2839 659 2905; x_wconf 87' lang='lat' dir='ltr'>obcaecat</span> <span class='ocrx_word' id='word_1_159' title='bbox 678 2826 778 2909; x_wconf 84' lang='lat' dir='ltr'>sidera</span> <span class='ocrx_word' id='word_1_160' title='bbox 798 2836 918 2896; x_wconf 85' lang='lat' dir='ltr'>nimbis.</span> 
     </span>
     <span class='ocr_line' id='line_1_27' title="bbox 246 2934 1057 3012; baseline -0.002 -18"><span class='ocrx_word' id='word_1_161' title='bbox 246 2943 343 2995; x_wconf 90' lang='lat' dir='ltr'>cessat</span> <span class='ocrx_word' id='word_1_162' title='bbox 363 2935 489 3012; x_wconf 91' lang='lat' dir='ltr'><strong>hiemps,</strong></span> <span class='ocrx_word' id='word_1_163' title='bbox 511 2936 652 2995; x_wconf 89' lang='lat' dir='ltr'>madidos</span> <span class='ocrx_word' id='word_1_164' title='bbox 672 2943 702 2994; x_wconf 91' lang='lat' dir='ltr'>et</span> <span class='ocrx_word' id='word_1_165' title='bbox 722 2935 814 2994; x_wconf 90' lang='lat' dir='ltr'>siccat</span> <span class='ocrx_word' id='word_1_166' title='bbox 834 2953 904 2994; x_wconf 88' lang='lat' dir='ltr'>vere</span> <span class='ocrx_word' id='word_1_167' title='bbox 924 2934 1057 3012; x_wconf 79' lang='lat' dir='ltr'>capillos,</span> 
     </span>
     <span class='ocr_line' id='line_1_28' title="bbox 245 3033 965 3110; baseline -0.003 -19"><span class='ocrx_word' id='word_1_168' title='bbox 245 3051 297 3092; x_wconf 88' lang='lat' dir='ltr'>ver</span> <span class='ocrx_word' id='word_1_169' title='bbox 315 3034 389 3110; x_wconf 87' lang='lat' dir='ltr'>fugit</span> <span class='ocrx_word' id='word_1_170' title='bbox 409 3043 552 3093; x_wconf 85' lang='lat' dir='ltr'>aestates:</span> <span class='ocrx_word' id='word_1_171' title='bbox 574 3041 722 3093; x_wconf 86' lang='lat' dir='ltr'>aestatum</span> <span class='ocrx_word' id='word_1_172' title='bbox 743 3041 825 3110; x_wconf 86' lang='lat' dir='ltr'>terga</span> <span class='ocrx_word' id='word_1_173' title='bbox 846 3033 965 3092; x_wconf 90' lang='lat' dir='ltr'>lacessit</span> 
     </span>
     <span class='ocr_line' id='line_1_29' title="bbox 244 3130 1042 3208; baseline -0.004 -18"><span class='ocrx_word' id='word_1_174' title='bbox 244 3131 371 3208; x_wconf 84' lang='lat' dir='ltr'><strong>pomifer</strong></span> <span class='ocrx_word' id='word_1_175' title='bbox 390 3139 578 3202; x_wconf 91' lang='lat' dir='ltr'>auctumnus,</span> <span class='ocrx_word' id='word_1_176' title='bbox 600 3132 716 3190; x_wconf 89' lang='lat' dir='ltr'>nebulis</span> <span class='ocrx_word' id='word_1_177' title='bbox 737 3149 872 3190; x_wconf 90' lang='lat' dir='ltr'>cessurus</span> <span class='ocrx_word' id='word_1_178' title='bbox 893 3139 923 3189; x_wconf 90' lang='lat' dir='ltr'>et</span> <span class='ocrx_word' id='word_1_179' title='bbox 943 3130 1042 3188; x_wconf 90' lang='lat' dir='ltr'>undis.</span> 
     </span>
     <span class='ocr_line' id='line_1_30' title="bbox 432 3226 1120 3304; baseline -0.004 -17"><span class='ocrx_word' id='word_1_180' title='bbox 432 3226 494 3287; x_wconf 87' lang='lat' dir='ltr'>Sal.</span> <span class='ocrx_word' id='word_1_181' title='bbox 515 3228 599 3287; x_wconf 81' lang='lat' dir='ltr'>Burs.</span> <span class='ocrx_word' id='word_1_182' title='bbox 622 3229 722 3288; x_wconf 90' lang='lat' dir='ltr'>Carm.</span> <span class='ocrx_word' id='word_1_183' title='bbox 742 3230 783 3288; x_wconf 91' lang='lat' dir='ltr'>ad</span> <span class='ocrx_word' id='word_1_184' title='bbox 804 3229 953 3299; x_wconf 90' lang='lat' dir='ltr'>Pisonem,</span> <span class='ocrx_word' id='word_1_185' title='bbox 979 3241 1120 3304; x_wconf 79' lang='lat'>127-139.</span> 
     </span>
     <span class='ocr_line' id='line_1_31' title="bbox 205 3321 345 3404; baseline 0 -21"><span class='ocrx_word' id='word_1_186' title='bbox 205 3321 282 3403; x_wconf 78' lang='lat' dir='ltr'>(love</span> <span class='ocrx_word' id='word_1_187' title='bbox 303 3323 345 3404; x_wconf 85' lang='lat' dir='ltr'>of)</span> 
     </span>
     <span class='ocr_line' id='line_1_32' title="bbox 264 3421 1011 3501; baseline -0.003 -19"><span class='ocrx_word' id='word_1_188' title='bbox 264 3422 473 3482; x_wconf 90' lang='lat' dir='ltr'>blandimenta</span> <span class='ocrx_word' id='word_1_189' title='bbox 493 3441 587 3500; x_wconf 88' lang='lat' dir='ltr'>vagae</span> <span class='ocrx_word' id='word_1_190' title='bbox 607 3423 699 3501; x_wconf 83' lang='lat' dir='ltr'>fugies</span> <span class='ocrx_word' id='word_1_191' title='bbox 720 3423 876 3482; x_wconf 91' lang='lat' dir='ltr'>novitatis:</span> <span class='ocrx_word' id='word_1_192' title='bbox 898 3421 1011 3481; x_wconf 89' lang='lat' dir='ltr'>ibidem</span> 
     </span>
     <span class='ocr_line' id='line_1_33' title="bbox 265 3504 990 3598; baseline -0.003 -18"><span class='ocrx_word' id='word_1_193' title='bbox 265 3521 372 3598; x_wconf 87' lang='lat' dir='ltr'>exiguo</span> <span class='ocrx_word' id='word_1_194' title='bbox 393 3504 527 3580; x_wconf 89' lang='lat' dir='ltr'>nimiove</span> <span class='ocrx_word' id='word_1_195' title='bbox 545 3529 666 3580; x_wconf 91' lang='lat' dir='ltr'>nocent.</span> <span class='ocrx_word' id='word_1_196' title='bbox 687 3522 741 3580; x_wconf 92' lang='lat' dir='ltr'>sed</span> <span class='ocrx_word' id='word_1_197' title='bbox 763 3521 892 3579; x_wconf 91' lang='lat' dir='ltr'>lubricus</span> <span class='ocrx_word' id='word_1_198' title='bbox 913 3529 990 3579; x_wconf 90' lang='lat' dir='ltr'>errat</span> 
     </span>
     <span class='ocr_line' id='line_1_34' title="bbox 263 3618 1020 3696; baseline -0.003 -19"><span class='ocrx_word' id='word_1_199' title='bbox 263 3636 338 3688; x_wconf 90' lang='lat' dir='ltr'>mos,</span> <span class='ocrx_word' id='word_1_200' title='bbox 361 3627 391 3678; x_wconf 92' lang='lat' dir='ltr'>et</span> <span class='ocrx_word' id='word_1_201' title='bbox 411 3619 450 3678; x_wconf 90' lang='lat' dir='ltr'>ab</span> <span class='ocrx_word' id='word_1_202' title='bbox 472 3619 601 3696; x_wconf 86' lang='lat' dir='ltr'>expertis</span> <span class='ocrx_word' id='word_1_203' title='bbox 622 3619 764 3678; x_wconf 91' lang='lat' dir='ltr'>festinant</span> <span class='ocrx_word' id='word_1_204' title='bbox 783 3618 885 3677; x_wconf 92' lang='lat' dir='ltr'>usibus</span> <span class='ocrx_word' id='word_1_205' title='bbox 907 3636 1020 3676; x_wconf 91' lang='lat' dir='ltr'>omnes.</span> 
     </span>
     <span class='ocr_line' id='line_1_35' title="bbox 646 3712 1080 3794; baseline -0.009 -17"><span class='ocrx_word' id='word_1_206' title='bbox 646 3717 730 3777; x_wconf 87' lang='lat' dir='ltr'>Grat.</span> <span class='ocrx_word' id='word_1_207' title='bbox 750 3716 856 3776; x_wconf 83' lang='lat' dir='ltr'>Falisc.</span> <span class='ocrx_word' id='word_1_208' title='bbox 877 3716 956 3794; x_wconf 90' lang='lat' dir='ltr'>Cyn.</span> <span class='ocrx_word' id='word_1_209' title='bbox 981 3712 1080 3789; x_wconf 82' lang='lat'>114-6.</span> 
     </span>
    </p>
   </div>
   <div class='ocr_carea' id='block_1_3' title="bbox 0 0 1380 4284">
    <p class='ocr_par' dir='ltr' id='par_1_3' title="bbox 0 0 1380 4284">
     <span class='ocr_line' id='line_1_36' title="bbox 0 0 1380 4284; baseline 0 5"><span class='ocrx_word' id='word_1_210' title='bbox 0 0 1380 4284; x_wconf 95' lang='lat' dir='ltr'> </span> 
     </span>
    </p>
   </div>
  </div>
 </body>
</html>
