2752 4284
515 418 518 423 ,
634 360 719 410 Hor<

357 537 443 610 (soal)
464 535 539 597 Stat.
567 538 650 597 Zbeb.
676 554 721 598 ro.
745 538 888 618 228-234.

357 636 528 709 (unbroken
549 634 621 712 colt)
641 634 716 694 Stat.
737 635 809 693 Ach.
835 653 859 694 1.
883 635 1026 712 277·282.

358 733 521 812 (breaking)
550 733 627 811 Verg.
654 734 755 810 Georg.
778 749 805 808 3.
831 747 973 816 179-195.Ἰ

357 831 497 910 (jibbing)
519 832 590 889 Luc.
612 849 640 906 4.
664 834 809 907 750-7oo.

358 928 499 1006 (bolting)
527 928 606 1006 Verg.
632 929 733 1005 Georg.
759 944 910 1006 1.*512·4.

358 1024 498 1105 (rearing)
526 1025 605 1103 Verg.
626 1027 698 1084 Aen.
725 1043 769 1086 ro.
792 1026 895 1103 890-4,
921 1043 966 1086 11.
988 1025 1133 1103 638-640.

357 1122 515 1200 (breaking
535 1121 632 1198 loose)
662 1122 740 1200 Verg.
761 1123 832 1182 Aen.
858 1140 903 1182 11.
925 1139 1029 1201 492-7.

359 1219 443 1300 (with
464 1222 517 1281 the
536 1222 657 1299 plague)
684 1223 763 1299 Ver'g.
790 1221 891 1298 Georg.
914 1239 941 1298 3.
963 1223 1108 1300 498·514.

359 1320 461 1397 (eager
484 1328 517 1379 to
538 1321 622 1396 start)
643 1319 716 1395 Luc.
741 1338 767 1379 1.
789 1335 899 1398 293-53
921 1319 998 1380 Stat.
1024 1321 1107 1380 Theb.
1130 1319 1158 1381 6.

399 1416 543 1494 396·401·
894 1447 895 1450 Ν

358 1516 581 1592 (caparisoned)
617 1515 694 1593 Verg.
722 1519 795 1575 Aen.
821 1535 850 1591 4.
880 1532 982 1592 134·5,
1006 1531 1032 1593 7.
1056 1530 1158 1595 274·9.

358 1612 507 1691 (charger)
546 1614 625 1690 Verg.
654 1615 726 1673 Aen.
759 1632 803 1675 10.
832 1615 981 1691 858·868;
1011 1614 1064 1674 Oa.
1086 1617 1158 1674 Met.

399 1724 426 1784 3.
456 1725 566 1787 704·5;
594 1712 666 1769 Luc.
691 1728 719 1785 4.
743 1725 852 1787 75o·3;
879 1710 981 1771 Claud.
1002 1709 1058 1768 IV
1076 1710 1159 1770 Cone.

398 1808 479 1868 Hon·
503 1823 647 1887 sse-550·

360 1905 524 1982 (Moon'sh)

279 2002 317 2061 sit
336 2003 391 2061 tibi
411 2013 568 2081 praeterea
588 2005 719 2082 sonipes
742 2004 898 2065 Maurusia
918 2006 1005 2064 tellus

280 2118 371 2178 quem
391 2103 490 2173 mittit,
511 2104 606 2162 modo
627 2103 665 2161 sit
685 2103 789 2180 gentili
810 2103 955 2180 sanguine
975 2104 1077 2162 firmus
1084 2122 1093 2179 ;

279 2217 432 2276 quemque
454 2201 602 2259 coloratus
624 2200 737 2259 Mazax
757 2201 876 2260 deserta
896 2219 950 2277 per
970 2219 1042 2260 arva

278 2297 362 2372 pavit
382 2305 413 2356 et
432 2298 569 2357 assiduos
590 2297 694 2357 docuit
715 2298 841 2357 tolerare
863 2299 990 2357 labores.

254 2381 255 2384 ¹
279 2412 337 2455 nec
357 2396 458 2472 pigeat
478 2398 562 2473 quod
584 2404 670 2472 turpe
691 2406 783 2473 caput
803 2397 945 2456 deformis
966 2404 997 2455 et
1017 2397 1101 2455 alvus

280 2501 325 2569 est
345 2494 420 2564 ollis,
443 2496 588 2571 quodque
609 2494 742 2564 infrenis,
765 2495 849 2571 quod
870 2494 945 2553 liber
964 2502 1099 2571 uterque,
1158 2496 1161 2503 '

280 2593 427 2670 quodque
447 2592 525 2651 iubis
545 2610 658 2669 pronos
679 2592 779 2651 cervix
800 2592 967 2651 diverberet
987 2609 1096 2650 armos.

279 2708 351 2749 nam
365 2690 452 2749 ‘flecti
472 2690 565 2748 facilis
587 2690 760 2766 lascivaque
780 2690 857 2748 colla
877 2698 997 2748 secutus

281 2796 367 2864 paret
386 2788 419 2846 in
439 2788 619 2865 obsequium
639 2788 739 2846 lentae
760 2787 968 2846 moderamine
988 2787 1096 2864 virgae.

280 2888 405 2947 verbera
425 2896 495 2946 sunt
515 2896 677 2964 praecepta
698 2886 794 2964 fugae,
817 2895 886 2945 sunt
907 2887 1032 2945 verbera
1052 2886 1137 2945 freni.

281 2985 354 3061 quin
375 2994 405 3044 et
424 2985 562 3062 promissi
582 2985 718 3062 spatiosa
738 3003 793 3060 per
812 3001 947 3060 aequora
967 2983 1068 3060 campi

280 3084 414 3142 cursibus
435 3083 599 3161 adquirunt
619 3090 772 3142 commoto
793 3082 940 3159 sanguine
960 3082 1045 3151 vires,

280 3181 487 3258 paulatimque
512 3182 618 3241 avidos
637 3181 763 3239 comites
783 3187 853 3256 post
875 3188 958 3256 terga
977 3179 1160 3255 relinquunt.

737 3275 853 3335 Nemes.
875 3277 953 3353 Cyn.
977 3289 1120 3353 259·271.

205 3389 395 3435 HORSEMAN.

281 3473 325 3532 sic
345 3474 448 3551 auriga
468 3474 549 3533 solet
565 3472 711 3532 ferventia
731 3471 894 3532 Thessalus
916 3490 969 3531 ora

281 3573 443 3631 mobilibus
463 3573 554 3631 frenis
575 3573 607 3629 in
628 3579 733 3649 aperto
753 3560 874 3630 flectere
895 3588 1014 3647 campo

282 3671 334 3748 qui
354 3672 449 3729 modo
469 3689 534 3729 non
554 3670 651 3729 solum
673 3669 779 3746 rapido
800 3668 945 3745 permittit
965 3667 1101 3726 habenas

283 3768 482 3845 quadrupedi,
503 3768 557 3827 sed
579 3767 663 3826 calce
677 3767 758 3840 citat,
773 3768 867 3825 modo
882 3772 1003 3843 torquet
1016 3764 1049 3822 in
1062 3781 1163 3824 armos
