2752 4284
560 332 751 382 FAT-FES

257 510 319 570 fata
338 518 445 588 regrmt
465 511 579 581 orbem,
601 518 682 571 certa
701 518 782 570 stant
802 510 905 570 omnia
926 512 999 588 lege,

149 654 151 658 ,
204 660 208 667 .
257 615 426 685 cunctaque
445 626 501 684 per
520 616 617 667 certos
638 608 791 686 signantur
811 616 950 685 tempora
968 625 1063 668 casus.

257 713 416 764 nascentes
435 706 579 764 morimur
600 705 729 782 finisque
749 706 789 764 ab
810 705 923 782 origine
943 706 1066 782 pendet.

255 801 327 861 hinc
348 809 379 861 et
399 820 472 879 opes
493 810 524 861 et
545 821 637 879 regna
657 802 763 872 fluunt,
785 810 815 860 et
835 802 954 879 saepius
976 809 1041 861 orta

123 959 127 964 ,
255 906 425 977 paupertas,
447 907 586 977 artesque
606 901 697 958 datae
716 916 876 976 moresque
897 899 1002 958 creatis

256 1004 287 1056 et
306 996 378 1055 vitia
398 1003 429 1056 et
449 997 551 1055 clades
573 997 687 1056 damna
707 1004 738 1055 et
757 997 940 1073 compendia
959 1014 1065 1056 rerum.

255 1111 346 1152 nemo
367 1111 468 1153 carere
489 1094 562 1152 dato
584 1093 694 1170 poterit
713 1112 771 1153 nec
791 1094 904 1153 habere
924 1101 1073 1172 negatum,

254 1191 444 1250 fortunamve
464 1190 525 1249 suis
546 1190 672 1250 invitam
691 1192 840 1268 prendere
860 1192 936 1250 votis

256 1295 309 1347 aut
329 1288 430 1365 fugere
451 1288 613 1347 instantem
618 1307 626 1363 ;
649 1306 712 1348 sors
733 1296 778 1348 est
797 1306 852 1347 sua
872 1288 983 1365 cuique
999 1288 1133 1348 ferenda.

806 1383 917 1444 Manil.
938 1403 967 1459 4.
992 1401 1092 1445 12·22.

256 1483 330 1561 quin
351 1483 441 1542 etiam
462 1483 566 1542 infelix
584 1466 676 1542 uirtus
696 1490 727 1543 et
746 1483 838 1543 noxia
857 1484 935 1555 felix,

254 1588 285 1641 et
304 1582 385 1641 male
404 1581 548 1640 consultis
568 1580 697 1657 pretium
718 1588 771 1650 est,
792 1581 953 1657 prudentia
974 1580 1054 1650 fallit,

253 1696 311 1738 nec
330 1680 450 1737 fortuna
469 1679 578 1755 probat
598 1696 703 1738 causas
723 1678 915 1755 sequiturque
934 1686 1090 1748 merentes

253 1778 308 1836 sed
329 1794 405 1853 vaga
424 1794 479 1852 per
499 1783 624 1834 cunctos
645 1777 728 1835 nullo
747 1776 917 1835 discrimine
937 1775 1035 1834 fertur.

252 1873 367 1933 scilicet
388 1880 432 1931 est
452 1873 543 1942 aliud,
567 1873 651 1949 quod
672 1892 728 1932 nos
749 1881 897 1950 cogatque
916 1881 1059 1950 regatque

256 1971 361 2040 maius,
383 1977 413 2028 et
433 1970 465 2027 in
485 1970 620 2047 proprias
641 1971 733 2029 ducat
752 1970 889 2029 mortalia
909 1971 997 2047 leges,

255 2068 457 2143 attribuatque
477 2085 547 2126 suos
568 2086 607 2126 ex
627 2086 660 2126 se
684 2068 993 2140 nascentibusannos

144 2188 147 2194 ·
255 2165 453 2241 fortunaeque
474 2165 562 2223 vices.
897 2164 944 2222 Id.
966 2179 1090 2241 94-101.

170 2260 399 2333 uncas—(the)
436 2258 540 2319 Catull.
563 2259 612 2336 64.
634 2260 787 2338 306-3233
814 2259 916 2320 Claud.
936 2261 1027 2338 Rapt.
1051 2261 1132 2318 Prot.

337 2374 362 2417 1·
384 2357 488 2434 48=53·
1107 2366 1110 2372 ·

170 2471 351 2514 earnem—
361 2455 439 2532 Verg.
459 2453 532 2513 Aen.
555 2472 582 2513 2.
605 2454 717 2532 643-6;
740 2452 811 2513 Aur.
831 2455 925 2532 Epist.
948 2470 975 2513 2.
988 2455 1044 2532 Cp.
1055 2451 1130 2512 Stat.

333 2550 388 2610 sn.
410 2568 437 2628 3·
460 2569 487 2628 s,
511 2567 539 2629 5·
562 2569 589 2628 3·
1207 2615 1209 2620 ,

333 2651 422 2728 (grief
449 2651 495 2709 for
525 2650 572 2709 his
604 2652 673 2727 son)
711 2649 789 2727 Verg.
820 2649 893 2708 Aen.
918 2666 963 2709 10.
986 2648 1129 2725 839·856‚

377 2747 588 2824 11.152·181.

332 2845 496 2921 (influence
517 2865 589 2905 over
608 2848 678 2923 son)
699 2847 765 2904 Iun.
791 2863 835 2922 14.
860 2844 961 2905 1-106.

170 2957 317 3002 nunsu-
328 2941 406 3021 Verg.
440 2941 513 3002 Aen.
547 2960 572 3002 1.
605 2942 749 3021 637-642‚
771 2942 914 3021 697-708‚
938 2956 1080 3018 723-730,
1101 2957 1129 3017 3.

372 3054 475 3115 353-5,
501 3057 544 3099 11.
568 3053 724 3117 737-740;
745 3040 816 3098 Luc.
835 3035 1130 3117 10.155·168;Stat.

374 3136 457 3195 Jteb.
493 3153 518 3195 1.
545 3136 698 3213 514-5263
727 3137 787 3196 Val.
808 3137 904 3196 Flacc.
929 3154 955 3195 1.
978 3151 1079 3211 250·4‚
1103 3155 1130 3197 2.

372 3233 515 3310 sto-350,
537 3232 641 3311 650-5·

331 3330 444 3407 (rustic)
470 3331 552 3407 Calp.
573 3328 632 3390 Sic.
653 3350 682 3406 4.
711 3329 811 3405 124·6.

170 3441 388 3486 sanarem-
398 3427 475 3504 Verg.
495 3428 597 3505 Georg.
610 3445 638 3486 2.
653 3443 802 3505 143·150;
819 3426 900 3504 Calp.
911 3425 968 3486 Sic.
980 3445 1008 3501 4.
1023 3427 1128 3504 112-6;

271 3518 278 3530 ⁸
338 3524 440 3583 Claud.
460 3526 549 3601 Rapa
570 3525 650 3583 Pros.
676 3541 700 3583 1.
725 3524 826 3601 195-8.

170 3635 374 3679 reserven-
383 3619 460 3698 Verg.
494 3621 595 3698 Georg.
631 3638 654 3681 1.
688 3636 831 3697 343-350,
854 3637 881 3680 2.
915 3621 1023 3697 38o·q;
1056 3619 1129 3679 Aen.

332 3717 360 3778 8.
383 3717 490 3793 280-8;
517 3717 598 3795 Calp.
619 3714 678 3777 Sic.
699 3697 1089 3797 4.122·6.(cp.Sacf2fice).
