2752 4284
617 366 694 416 CON

294 554 324 605 et
344 546 426 605 fovet
446 544 478 603 in
498 545 590 604 tacito
611 545 723 623 gaudia
743 553 825 604 certa
845 545 923 603 sinu.

251 662 301 703 me
321 651 410 702 vocat
429 643 595 712 absentem,
616 660 675 712 me,
696 660 747 700 me
767 641 896 719 suspirat
916 641 949 699 in
968 659 1072 712 unum,

293 749 323 801 et
344 742 384 800 de
404 758 454 799 me
474 748 581 799 noctes
601 740 713 817 cogitat
732 748 825 816 atque
846 739 920 798 dies.

654 837 777 895 Pseudo·
784 835 870 896 Galli
888 837 969 914 Eleg.
989 835 1094 913 37·48.

174 935 575 1013 consun—(appointment
587 933 629 1013 ol)
640 934 695 995 On.
705 935 790 993 Pont.
802 952 831 1008 4.
842 952 870 1008 4.
880 950 983 1010 23·42,
993 951 1021 1012 9.
1033 948 1135 1012 15·34.

332 1033 443 1108 (duties
464 1033 506 1104 ol)
534 1031 588 1092 Ov.
609 1031 695 1090 Pont.
716 1049 745 1106 4.
768 1046 795 1106 5.
820 1045 920 1108 15·24,
941 1047 969 1108 9.
989 1046 1095 1109 43·50.

172 1131 466 1192 cortinarom-Oa.
488 1130 570 1189 Rem.
591 1130 659 1188 Am.
681 1127 785 1205 613-6.

172 1229 522 1287 consummana-Tib.
547 1244 572 1286 1.
597 1244 622 1286 1.
648 1225 707 1299 r·6,
723 1244 807 1301 41-4‚
820 1226 909 1303 77·8;
925 1223 1019 1285 Mart.
1032 1243 1061 1287 2.
1076 1243 1116 1305 90
1126 1248 1135 1304 3

330 1326 401 1384 Aus.
430 1326 506 1402 Idyl.
539 1341 565 1384 2.
591 1341 675 1400 23-4‚
701 1341 728 1401 3.
751 1324 842 1402 9·16;
869 1324 972 1384 Claud.
994 1325 1083 1403 Epig.
1105 1341 1134 1384 2.

253 1425 349 1483 maius
371 1432 434 1482 erat
453 1424 587 1500 potuisse
608 1431 711 1483 tamen
730 1441 788 1481 nec
808 1424 886 1482 velle
906 1423 1093 1499 triumph0s;
1118 1443 1122 1460 s

291 1517 388 1580 maior
407 1539 455 1580 res
474 1521 591 1598 magnis
612 1520 792 1580 abstinuisse
812 1520 876 1578 fuit.

162 1613 167 1616 ’
250 1620 356 1678 maluit
382 1619 556 1677 umbrosam
584 1636 728 1695 quercum
755 1618 955 1694 lymphasque
975 1619 1121 1678 cadentes

292 1734 452 1794 paucaque
471 1715 591 1793 pomosi
611 1715 713 1792 iugera
733 1723 814 1774 certa
834 1715 900 1774 soli.

252 1814 385 1874 Pieridas
407 1814 627 1890 Phoebumque
647 1813 749 1872 colens
769 1813 801 1870 in
821 1813 962 1872 mollibus
985 1813 1079 1873 hortis

290 1914 414 1973 sederat
433 1919 551 1989 argutas
571 1911 705 1988 garrulus
725 1911 803 1969 inter
822 1929 901 1971 aves.

415 2009 531 2067 Incerti.
554 2008 636 2087 Eleg.
658 2009 690 2066 in
710 2008 933 2069 Maecenatem.
957 2024 982 2079 1,
1005 2007 1089 2084 31·6.

251 2108 354 2169 omnia
375 2126 454 2185 quae
473 2108 597 2167 miseras
617 2107 735 2184 possint
754 2107 840 2165 finire
860 2107 1010 2184 querelas

290 2207 322 2264 in
342 2213 485 2283 promptu
505 2205 599 2263 voluit
618 2204 768 2264 candidus
789 2222 854 2264 esse
875 2206 960 2263 deus.

250 2304 308 2364 vile
328 2305 415 2362 holus
437 2311 467 2362 et
488 2302 570 2361 duris
590 2302 746 2362 haerentia
766 2321 852 2362 mora
872 2302 985 2361 rubetis

288 2402 449 2481 pungentis
470 2401 619 2460 stomachi
640 2419 837 2477 composuere
857 2400 978 2459 famem.

250 2501 374 2558 flumine
394 2499 494 2558 vicino
515 2499 620 2558 stultus
640 2498 709 2568 sitit,
732 2498 834 2575 effugit
854 2497 935 2555 Euro

293 2617 362 2656 cum
383 2598 500 2656 calidus
521 2595 625 2672 tepido
646 2603 795 2654 consonat
815 2595 884 2672 igne
904 2611 1001 2672 rogus.

253 2697 337 2775 quod
358 2695 467 2754 satiare
487 2701 596 2771 potest,
619 2693 702 2752 dives
723 2701 831 2752 natura
850 2693 1016 2751 ministrat:

291 2793 375 2871 quod
397 2794 488 2851 docet
508 2792 630 2851 infrenis
649 2791 752 2869 gloria,
773 2791 835 2849 fine
855 2797 945 2848 caret.

740 2889 871 2946 Patron?
892 2887 1011 2965 Fragm.
1032 2901 1081 2964 35.

250 2997 296 3049 est
315 2988 389 3046 mihi
410 3007 460 3047 rus
480 3006 616 3066 parvum,
637 2987 743 3046 faenus
764 2987 829 3045 sine
849 2986 974 3045 crimine
987 3004 1131 3063 parvum;

288 3088 343 3146 sed
363 3085 435 3145 lacit
455 3085 532 3145 haec
553 3085 642 3144 nobis
662 3094 790 3161 utraque
808 3102 919 3161 magna
940 3084 1035 3161 quies,

247 3203 355 3262 pacem
376 3183 495 3243 animus
516 3184 598 3243 nulla
618 3183 752 3260 trepidus
772 3182 933 3241 formidine
953 3199 1075 3241 servans
1170 3200 1173 3204 ·

287 3301 352 3342 non
372 3283 457 3341 timet
477 3282 605 3361 ignavae
625 3282 750 3341 crimina
771 3280 915 3340 desidiae.

248 3388 346 3440 castra
365 3380 440 3439 alios
462 3399 599 3457 operosa·
610 3388 720 3439 vocent
740 3380 893 3455 sellaeque
913 3377 1030 3437 curules

288 3487 319 3537 et
339 3478 488 3555 quidquid
509 3496 588 3536 vana
607 3477 719 3555 gaudia
738 3484 841 3536 mente
860 3482 982 3550 movet;

246 3594 316 3663 pars
337 3595 393 3654 ego
414 3576 470 3634 sim
491 3577 597 3653 plebis,
620 3576 701 3634 nullo
723 3582 902 3652 conspectus
923 3573 1049 3643 honore,

289 3674 362 3731 dum
383 3673 482 3732 vivam
504 3674 647 3732 dominus
667 3673 812 3750 temporis
832 3673 897 3749 ipse
917 3672 987 3730 mei.

508 3770 623 3829 Incerti.
645 3770 731 3849 Epig.
753 3771 794 3830 de
814 3769 886 3830 Vita
906 3768 1090 3846 Tranquilla.
