2752 4284
653 335 728 385 LOV
1138 340 1172 391 49

292 514 377 573 novit
395 522 478 591 grata
500 514 592 590 quies,
615 532 673 571 nec
694 520 791 571 cessat
812 513 940 572 reddere
962 513 1038 572 vires

292 613 405 671 infusus
425 631 479 689 per
498 613 634 671 membra
655 629 754 687 sopor,
777 611 936 688 noctisque
956 611 1125 673 ministram,

292 709 422 768 ruricolis
443 710 497 767 dat
517 726 635 784 semper
655 725 755 783 opem.
778 725 832 765 sua
853 708 956 766 taedia
976 709 1056 767 solus

291 806 391 865 fallere
411 806 507 864 nescit
527 824 620 863 amor.
635 849 640 862 .
655 849 661 863 .
672 805 831 882 gemmatis
851 805 970 864 roscida
990 805 1085 865 Vesbi

290 904 389 964 rident
409 912 496 981 prata
516 905 589 962 rosis
610 912 641 962 et
661 903 784 961 floribus
806 922 877 962 arva
897 912 1077 963 tumescunt.

289 1002 387 1079 pictus
407 1021 478 1080 ager
498 1003 554 1061 sub
575 1002 649 1061 flore
670 1002 750 1072 latet,
774 1002 828 1060 dat
849 1003 949 1062 fronte
970 1019 1099 1062 coronas

584 1141 599 1175 *
681 1139 696 1174 *
778 1139 793 1174 *

289 1198 405 1257 lascivis
424 1206 533 1257 natura
552 1198 635 1257 rosis.
657 1215 712 1256 sua
733 1197 835 1256 taedia
859 1198 941 1256 solus

289 1296 390 1355 fallere
410 1297 506 1354 nescit
526 1314 620 1354 amor.
641 1313 698 1353 nec
718 1303 805 1371 grata
826 1295 945 1354 silentia
965 1295 1064 1355 noetis

289 1413 346 1453 nec
367 1394 466 1453 somni
486 1394 538 1470 pia
559 1395 643 1452 dona
662 1394 795 1470 placent,
818 1412 875 1452 nec
896 1412 1022 1453 munera
1041 1394 1115 1453 lucis

289 1493 391 1569 carpit,
414 1501 445 1551 et
464 1492 597 1550 indutias
619 1490 757 1568 fugientis
776 1510 841 1550 non
863 1492 947 1568 capit
966 1492 1049 1563 anni,

289 1592 344 1649 sed
365 1608 419 1650 sua
439 1590 534 1648 victus
553 1608 639 1648 amor
660 1590 873 1647 tantummodo
896 1590 1020 1648 vulnera
1040 1592 1137 1667 pascit

289 1689 367 1748 inter
385 1688 467 1746 mille
488 1688 576 1746 dolos
596 1687 785 1763 totidemque
808 1687 928 1763 piacula
948 1687 1071 1746 fraudis.

399 1786 508 1844 Incerti
525 1785 619 1861 Epist.
640 1784 773 1842 Didonis
793 1784 833 1842 ad
855 1784 995 1843 Aeneam
1017 1784 1120 1860 38-81.

369 1882 413 1956 (at
439 1885 501 1942 first
522 1883 612 1959 sight)
639 1881 743 1942 Catull.
765 1881 814 1957 64.
835 1898 928 1959 91-3;
958 1879 1035 1959 Verg.
1056 1881 1119 1940 Ecl.
1142 1881 1169 1940 8.

368 1994 481 2058 37·41;
503 1979 578 2040 Stat.
598 1979 670 2038 Aah.
696 1997 721 2039 1.
743 1978 847 2056 301-6.
953 2008 957 2015 ·

366 2079 551 2157 (beginning)
588 2079 666 2156 Verg.
694 2077 767 2137 Aen.
793 2094 817 2136 1.
840 2091 973 2153 717-722
986 2098 993 2153 ;
1021 2077 1074 2137 Oa.
1095 2077 1170 2138 Met.

410 2191 437 2254 7.
477 2193 567 2252 11·3;
606 2176 667 2235 Val.
699 2176 793 2234 Flora
825 2175 853 2234 ὁ.
886 2173 1039 2252 657-682;
1067 2174 1170 2235 Claud.
1199 2211 1208 2223 ι

407 2273 503 2352 Nupt.
525 2273 607 2333 Hon.
629 2272 711 2333 Mar.
737 2290 817 2334 1·10.

368 2374 521 2451 (reviving)
548 2373 601 2432 Oa.
623 2371 696 2431 Met.
718 2386 745 2447 7.
768 2370 871 2449 76·83.

368 2472 520 2549 (growing)
549 2468 628 2548 Verg.
648 2471 720 2530 Aen.
743 2488 771 2545 4.
798 2485 859 2547 1·5.
900 2473 903 2478 ’

368 2570 540 2644 (love-siclt)
568 2567 645 2646 Verg.
667 2568 730 2627 Ecl.
753 2569 780 2628 8.
803 2567 895 2644 85·9;
917 2567 989 2626 Aen.
1011 2585 1040 2642 4.
1055 2565 1166 2644 65-85;

413 2666 475 2725 Vol.
496 2667 590 2724 Flacc.
614 2682 640 2743 7.
666 2665 808 2742 114-126.

369 2763 556 2842 (invincible)
584 2762 662 2841 Verg.
683 2763 747 2822 Ecl.
773 2780 817 2823 10.
843 2763 927 2840 (ro-9.

367 2862 460 2940 (signs
481 2862 522 2934 oi)
549 2861 611 2921 Val.
635 2859 734 2920 Flacc.
756 2861 783 2923 8.
810 2860 913 2938 160-5.

366 2959 481 3038 (power
500 2961 542 3032 oi)
571 2958 648 3037 Verg.
675 2959 776 3037 Georg.
800 2976 828 3035 3.
851 2959 996 3036 258·2o3.

206 3073 472 3118 mvn-cnnnn.-
483 3057 561 3136 Verg.
581 3058 645 3116 Ecl.
668 3057 695 3116 8.
717 3058 833 3135 64·109
844 3079 852 3134 ;
873 3058 946 3118 Aen.
968 3076 996 3133 4.
1012 3072 1167 3135 504·520;

372 3156 454 3234 Calp.
474 3153 533 3215 Sic.
558 3174 603 3215 11.
624 3154 718 3232 02-o;
746 3156 821 3216 Cina
844 3155 988 3234 369-373.

206 3255 420 3316 novara-Oa.
441 3254 515 3313 Met.
540 3272 585 3330 14.
608 3254 753 3333 698-710.
1235 3320 1241 3329 ¹

367 3355 464 3432 (griefs
486 3354 529 3430 of)
549 3353 629 3431 Calp.
641 3351 699 3413 Sic.
711 3370 738 3429 3.
751 3352 855 3430 45-60,
868 3370 896 3432 9.
907 3368 1012 3431 4o·52,
1028 3370 1071 3413 11.
1084 3368 1167 3430 5o·4.

366 3453 446 3530 (gifts
468 3451 510 3532 oi)
536 3452 617 3529 Calp.
638 3450 696 3510 Sic.
718 3468 745 3528 3.
768 3450 872 3528 76-80.

368 3552 546 3628 (complaint
566 3552 609 3625 of)
637 3548 715 3628 Verg.
739 3549 803 3608 Ecl.
826 3549 854 3609 8.
879 3548 980 3626 17·61.

367 3649 475 3725 (lovers
507 3650 538 3707 in
566 3649 688 3726 Hades)
717 3647 795 3726 Verg.
817 3647 890 3707 Aen.
913 3646 941 3707 6.
963 3664 1073 3725 44o·9;
1095 3648 1166 3706 Aur.

406 3749 482 3824 Idyl.
504 3748 531 3807 o.
559 3764 659 3824 13·44·

1027 3873 1046 3930 4
