2752 4284
595 307 814 355 AMA-AMB

262 483 375 546 Caesar
395 490 426 542 et
445 483 581 542 insolitos
600 502 702 560 gressu
723 485 803 561 prior
824 492 952 561 occupat
968 501 1067 544 ausus.

264 581 361 660 prima
382 581 506 658 quidem
525 581 634 659 glacies
655 590 685 640 et
705 600 783 641 cana
802 582 903 642 vincta
922 582 1030 659 pruina

263 699 326 741 non
345 680 489 757 pugnavit
508 680 617 739 humus
636 680 763 757 mitique
782 681 906 739 horrore
926 680 1047 757 quievit.

264 779 318 839 sed
338 786 501 855 postquam
521 786 638 837 turmae
658 778 777 836 nimbos
797 778 909 854 fregere
929 778 1034 854 ligatos

262 883 294 936 et
313 874 440 952 pavidus
461 876 633 952 quadrupes
653 876 802 934 undarum
822 876 942 934 vincula
961 875 1048 951 rupit,

260 973 415 1032 incaluere
434 973 527 1031 nives.
548 991 621 1031 mox
641 973 765 1031 flumina
785 973 938 1031 montibus
958 972 1026 1031 altis

262 1071 609 1140 undabantmodonata‚
617 1070 1006 1147 sedhaecquoque-iussa
1015 1079 1176 1147 putares-

262 1169 395 1237 stabant,¹
414 1176 444 1226 et
464 1167 565 1226 vincta
585 1168 691 1226 fluctus
711 1176 851 1244 stupuere
871 1169 964 1239 ruina,

261 1274 291 1327 et
311 1267 403 1343 paulo
423 1275 495 1324 ante
516 1267 579 1325 lues
600 1266 659 1325 iam
679 1267 871 1325 concidenda
890 1267 1016 1326 iacebat.

259 1372 325 1424 tum
346 1382 417 1423 vero
438 1365 518 1423 male
538 1365 601 1423 fida
620 1363 701 1440 prius
722 1365 844 1442 vestigia
864 1365 933 1424 lusit

259 1462 439 1539 decepitque
459 1463 553 1538 pedes
560 1482 568 1536 ;
589 1462 699 1538 pariter
718 1471 895 1539 turmaeque
913 1462 1028 1540 virique

260 1578 405 1636 armaque
425 1568 568 1637 congesta
588 1568 667 1619 strue
687 1561 844 1637 deplorata
863 1561 1010 1621 iacebant.

258 1676 330 1718 ecce
350 1658 440 1716 etiam
462 1659 557 1735 rigido
578 1677 742 1718 concussae
762 1660 884 1718 flamine
904 1660 1000 1719 nubes

258 1757 506 1827 exonerabantur,
528 1774 586 1815 nec
606 1757 685 1832 rupti
706 1757 823 1816 turbine
843 1757 925 1816 venti

260 1857 368 1914 derant
388 1862 440 1913 aut
459 1853 575 1913 tumida
595 1854 779 1912 confractum
800 1855 946 1931 grandine
966 1855 1092 1913 caelum.

261 1953 344 2030 ipsae
364 1952 424 2012 iam
445 1953 542 2010 nubes
562 1961 667 2028 ruptae
687 1970 775 2028 super
790 1970 879 2011 arma
899 1953 1059 2024 cadebant,

260 2058 290 2111 et
312 2061 453 2108 concreta
473 2049 540 2125 gelu
559 2049 647 2126 ponti
665 2050 747 2108 velut
766 2050 849 2108 unda
869 2050 984 2109 ruebat.

258 2148 340 2208 -victa
361 2155 424 2206 erat
444 2147 557 2224 ingenti
577 2147 664 2206 tellus
684 2147 753 2206 nive
773 2147 912 2223 victaque
932 2146 1007 2207 caeli

259 2247 367 2316 sidera,
389 2244 467 2303 victa
487 2245 548 2303 suis
568 2244 723 2305 haerentia
742 2245 867 2305 flumina
887 2246 966 2322 ripis,

261 2345 399 2404 nondum
420 2343 532 2402 Caesar
553 2351 624 2414 erat,
645 2345 700 2403 sed
720 2361 861 2420 magnam
881 2344 968 2403 nixus
990 2343 1022 2402 in
1038 2343 1156 2403 hastam

257 2441 380 2502 horrida
399 2441 510 2500 securis
530 2441 686 2518 frangebat
704 2441 853 2518 gressibus
876 2459 955 2513 arva,

261 2539 357 2618 qualis
379 2539 534 2598 Caucasea
553 2539 715 2598 decurrens
735 2539 847 2597 arduus
867 2556 936 2598 arce

259 2637 556 2714 Amphitryoniades,
578 2643 630 2695 aut
648 2644 733 2695 torvo
755 2635 890 2713 Iuppiter
910 2655 970 2708 ore,

257 2754 325 2796 cum
351 2753 383 2794 se
404 2735 562 2794 verticibus
583 2734 685 2812 magni
705 2735 824 2794 demisit
845 2734 969 2812 Olympi

256 2841 286 2894 et
309 2833 507 2911 periturorum
527 2832 645 2892 disiecit
665 2833 724 2893 tela
742 2833 905 2911 gigantum.

842 2931 956 2989 Patron.
979 2949 1045 3007 cap.
1071 2945 1135 3006 123.

217 3044 420 3091 nuszous.-
429 3027 509 3106 Verg.
549 3028 622 3087 Aen.
662 3045 686 3088 1.
718 3044 822 3106 490·3,
858 3044 903 3088 11.
936 3026 1083 3104 648-6633
1121 3027 1175 3086 Sil.

379 3126 449 3186 Ital.
477 3143 504 3186 2.
532 3126 644 3203 77·81;
679 3126 739 3185 Val.
760 3125 855 3186 Flacc.
882 3144 911 3201 4.
940 3125 1047 3204 (tm-93
1074 3124 1174 3186 Claud.

380 3215 469 3301 Rapt'.
490 3224 569 3282 Pros.
591 3240 618 3282 2.
640 3222 724 3284 62-6.

216 3323 493 3384 nummos-Iun.
520 3338 564 3381 10.
597 3319 719 3398 56-113‚
755 3320 902 3398 134·187;
925 3321 999 3380 Stat.
1032 3320 1114 3380 stet.
1149 3337 1174 3379 1.

385 3434 532 3496 127·130;
560 3420 661 3478 claud.
679 3419 770 3479 ‘Cone
796 3419 878 3498 Olyb.
899 3419 983 3479 Proh.
1004 3418 1088 3494 64-6.

381 3518 511 3596 (various
532 3538 559 3578 a.
582 3519 616 3578 of
632 3518 714 3596 men)
742 3517 818 3596 Verg.
845 3517 945 3596 Georg.
968 3534 995 3577 2.
1017 3531 1161 3594 503·512.

218 3633 406 3678 numism-
417 3617 494 3694 Verg.
515 3617 588 3675 Aen.
613 3632 658 3675 11.
674 3632 820 3692 513-5313
835 3617 906 3676 Luc.
921 3634 949 3691 4.
966 3631 1084 3693 744·9.;
1101 3615 1174 3675 Stat.

382 3705 464 3776 Theb.
487 3731 514 3776 2.
535 3714 679 3791 489-504,
702 3712 804 3790 523-6.
