2752 4284
645 349 728 398 HOR

326 536 356 586 et
376 546 461 586 curas
482 528 559 586 ferro
578 546 718 603 rumpere
739 527 887 585 sollicitas.

285 643 353 702 spes
374 626 470 684 nescit
489 625 577 694 vinci,
600 643 668 701 spes
689 625 804 701 pendet
826 632 890 683 tota
911 625 1023 683 futuris.

325 724 482 797 mentitur3
504 723 586 780 credi
606 722 669 780 vult
689 730 791 780 tamen
812 722 864 781 illa
884 722 949 780 sibi.

285 821 431 897 improba,
453 820 561 879 mentis
583 820 679 896 inops,
701 820 789 878 rebus
809 820 975 895 gratissima
994 821 1088 891 laesiS,

327 935 401 993 quas
423 918 512 987 fovet,
535 925 566 975 et
585 917 660 975 verti
681 917 743 975 fata
763 917 893 975 subinde
914 918 1013 976 docet.

285 1015 349 1073 sola
369 1023 453 1074 tenet
472 1015 606 1084 miseros,
628 1014 737 1072 invitos
758 1014 822 1076 sola
842 1022 975 1072 moratur
982 1033 990 1088 ;

326 1114 397 1171 sola‘
410 1113 486 1189 perit
506 1131 664 1188 nunquam
684 1112 739 1170 sed
759 1112 890 1188 peritura
910 1113 995 1170 redit.

285 1229 376 1287 saepe
396 1211 479 1268 bono
500 1228 659 1286 rursusque
679 1210 760 1267 malo
782 1209 977 1267 blandissima
997 1227 1124 1286 semper,

326 1317 357 1367 et
377 1327 453 1385 quos
475 1308 596 1384 decepit
616 1307 729 1384 decipit
750 1307 801 1366 illa
820 1316 932 1366 tamen.

290 1405 445 1479 instabilis,
468 1405 561 1464 dubio
583 1406 701 1464 devexa
722 1406 762 1462 ad
783 1412 920 1480 tempora
939 1412 1032 1474 motu,

331 1498 440 1573 audax,
463 1511 493 1561 et
514 1504 649 1561 clausum
670 1520 749 1578 quae
770 1510 855 1578 putet
876 1520 942 1560 esse
962 1502 1045 1573 nihil,

286 1602 388 1660 omnia
408 1601 554 1677 promittit
573 1607 647 1659 nota
668 1600 788 1658 levitate
809 1601 944 1669 deorum,

325 1700 367 1757 nil
388 1701 480 1757 fixum
502 1707 532 1757 et
552 1716 638 1757 casus
659 1698 805 1755 admonet
825 1715 891 1755 esse
912 1698 1000 1756 leves.

285 1799 444 1874 naufragus
465 1797 523 1854 hac
544 1804 671 1873 cogente
692 1803 776 1853 natat
796 1814 850 1871 per
869 1796 930 1853 feta
949 1797 1085 1872 procellis

325 1913 466 1970 aequora,
489 1913 558 1951 cum
578 1911 691 1952 mersas
712 1893 819 1951 viderit
839 1901 910 1951 ante
930 1901 1017 1951 rates.

287 1994 421 2068 captivus
443 1970 603 2050 duras'illa
624 1991 742 2049 solante
763 1997 885 2048 catenas

325 2090 442 2165 perfert,
465 2095 496 2147 et
516 2088 609 2146 victus
629 2088 750 2146 vincere
770 2106 859 2164 posse
879 2095 973 2164 putat.

229 2166 233 2173 ’
285 2185 393 2243 noxius
414 2184 518 2242 infami
540 2185 689 2243 districtus
710 2184 810 2260 stipite
830 2184 966 2243 membra

325 2291 425 2358 sperat
449 2290 479 2341 et
500 2301 518 2341 a
539 2283 600 2341 fixa
619 2300 710 2359 posse
730 2282 827 2341 redire
849 2290 945 2340 cruce.

285 2400 369 2457 spem
391 2381 487 2438 iussus
507 2380 652 2456 praebere
667 2387 763 2455 caput
783 2380 916 2455 paloque
937 2379 1050 2455 ligatur,

326 2496 394 2536 cum
415 2478 507 2536 micat
529 2485 600 2536 ante
621 2476 846 2538 oculosstricta
867 2477 986 2546 securiS,
1008 2476 1110 2536 habet.

707 2574 816 2631 Incerti
834 2570 1016 2652 (Pentadiia)
1040 2575 1123 2652 Eleg.

759 2672 799 2729 de
820 2671 880 2746 Spe
905 2672 984 2730 1-26.

367 2770 530 2846 (deferred)
557 2769 610 2828 Oa.
632 2767 712 2826 Pont
732 2785 761 2843 3.
784 2782 811 2842 7.
837 2784 938 2844 19-34.

366 2866 604 2943 (disappointed)

284 2965 353 3034 heu,
376 2983 455 3041 quae
476 2983 540 3022 non
559 2964 650 3041 longo
671 2964 841 3023 meditabar
860 2964 971 3041 gaudia
992 2966 1110 3038 ductus,

325 3064 407 3121 unde
428 3063 503 3120 nihil
523 3071 642 3139 praeter
662 3063 781 3125 somnia
802 3081 880 3120 vana
900 3063 973 3121 fer0.

285 3160 327 3218 sic
348 3168 449 3236 segete
470 3178 508 3217 ex
528 3159 614 3216 viridi
635 3159 727 3217 flavas
748 3160 911 3235 praesumit
931 3159 1034 3218 aristas

325 3258 449 3315 rusticus
470 3264 562 3333 atque
583 3256 684 3314 animo
705 3257 765 3314 iam
786 3275 840 3315 sua
861 3265 932 3315 vota
952 3257 1045 3326 metit,
1064 3252 1069 3261 '

285 3363 356 3413 vota
377 3355 484 3431 quibus
504 3355 644 3412 miserum
665 3356 781 3430 grando
803 3354 952 3412 fraudabit
973 3362 1003 3412 et
1023 3355 1118 3413 imber

326 3470 379 3510 seu
401 3451 490 3509 validi
511 3451 598 3509 flatus
618 3450 744 3509 fulmina
764 3451 827 3509 sive
844 3451 935 3528 Jovis.

691 3548 738 3622 Jo.
760 3544 821 3605 Sec.
843 3548 926 3624 Eleg.
952 3565 997 3607 11.
1019 3563 1122 3624 35·40.

205 3643 450 3721 HORSE.-Pr0p.
472 3662 501 3718 4.
526 3662 553 3719 4.
576 3644 670 3720 37-83
686 3645 779 3703 Mart.
798 3661 935 3722 14199,
955 3644 1056 3704 Claud.
1074 3646 1162 3723 Eng.

367 3759 413 3802 20.
437 3757 519 3818 5-10.
