2752 4284
591 321 794 404 neri-nro
1014 331 1016 335 ’
1137 359 1168 412 25

288 529 442 607 incipiunt,
464 531 564 591 viridis
584 532 690 609 gelidis
711 539 741 591 et
761 531 902 591 Phoebus
922 532 963 590 ab
984 531 1073 591 undis

287 636 390 687 enatat
411 636 444 688 et
461 628 543 688 fulvo
563 630 704 707 paulatim
725 629 900 688 accenditur
919 629 996 706 igne.

806 725 915 784 Manr'l.
939 743 966 784 2.
987 742 1129 804 93a942·

206 837 342 882 neno—
350 820 429 900 Verg.
454 823 556 901 Georg.
578 839 606 900 3.
626 838 680 901 45;
708 822 762 883 Ou.
783 822 855 883 Met.
877 840 905 900 3.
923 822 1167 902 379-401;Luc.

369 933 397 997 7.
419 920 529 996 480-4;
542 919 613 980 Aus.
627 922 720 999 Epist.
733 935 780 998 25.
794 938 878 998 9-10,
891 920 976 998 67-8.
988 925 1046 998 (cp.
1058 920 1169 994 Shout).

207 1030 385 1077 ECLIPSE.-
393 1015 471 1096 Verg.
498 1018 599 1096 Georg.
625 1037 649 1079 1.
671 1017 778 1095 463·8;
793 1017 865 1078 luc.
884 1036 908 1078 1.
925 1034 1075 1097 535·544;
1090 1016 1168 1086 Stat,

370 1114 453 1175 Hel.
475 1114 502 1175 6.
524 1115 636 1192 685-8;
668 1116 766 1176 Claud
782 1117 820 1175 B.
846 1117 909 1177 Get.
932 1117 1035 1192 233·8.

205 1225 466 1271 nasammon—
475 1210 553 1290 Verg.
577 1213 650 1272 Aen.
671 1231 700 1290 4.
723 1228 828 1290 215·7.
859 1272 861 1280 ,

285 1309 318 1366 in
338 1311 436 1369 lucem
459 1312 588 1369 eduntur
608 1311 722 1370 Bacchi
742 1311 930 1388 Venerisque
950 1330 1103 1390 sequaces,

285 1424 400 1482 perque
421 1409 516 1484 dapes
536 1426 718 1485 mensasque
742 1426 831 1485 super
850 1410 1016 1486 petulantia
1036 1411 1129 1470 corda

286 1511 316 1562 et
336 1505 399 1563 sale
419 1505 555 1563 mordaci
577 1505 681 1564 dulces
703 1506 877 1582 quaerentia
896 1507 980 1565 risus.

286 1599 341 1659 illis
362 1618 434 1659 cura
453 1602 499 1660 sui
520 1602 616 1660 cultus
637 1602 803 1678 frontisque
823 1604 952 1662 decorae

287 1714 405 1774 semper
425 1699 480 1757 erit
485 1717 494 1770 ;
517 1706 611 1757 tortos
632 1699 664 1757 in
684 1700 808 1758 fluctum
827 1717 942 1776 ponere
961 1700 1066 1771 crines,

203 1866 206 1871 Ι
286 1802 338 1853 aut
358 1795 460 1854 vinclis
480 1814 621 1855 revocare
641 1814 752 1866 comas
774 1804 805 1855 et
825 1796 934 1855 vertice
955 1798 1051 1856 denso

286 1892 398 1969 fingere
419 1901 449 1952 et
469 1894 615 1971 appositis
635 1901 726 1970 caput
747 1901 881 1954 emutare
901 1894 1023 1971 capillis,

285 1989 516 2067 pumicibusque
537 1991 617 2050 cavis
637 1991 790 2051 horrentia
809 1991 945 2051 membra
964 1992 1058 2068 polire

260 2135 262 2138 .
285 2094 378 2164 atque
398 2089 498 2146 odisse
518 2087 613 2147 virum
634 2089 808 2166 sterilesque
829 2097 934 2166 optare
955 2090 1090 2149 lacertos.

286 2184 435 2245 femineae
455 2194 560 2256 vestes,
582 2205 640 2255 nec
660 2187 692 2244 in
712 2206 798 2246 usum
819 2187 1088 2264 tegminaplantis,

247 2334 250 2338 .
285 2282 341 2341 sed
361 2283 501 2359 speciem,
524 2284 669 2361 fractique
689 2285 809 2360 placent
829 2286 870 2343 ad
891 2286 992 2343 mollia
1012 2303 1136 2361 gressus.

286 2388 410 2438 naturae
430 2381 533 2457 pudet,
555 2389 647 2458 atque
666 2381 785 2440 habitat
805 2383 861 2440 sub
880 2390 1002 2459 pectore
1023 2400 1114 2442 caeca

285 2477 419 2548 ambitio,
441 2485 471 2536 et
490 2479 628 2537 morbum
649 2479 762 2537 virtutis
783 2479 905 2538 nomine
926 2479 1047 2537 iactant.
1093 2483 1096 2489 '

286 2592 404 2651 semper
424 2584 533 2646 amare,
554 2593 660 2652 pamm
680 2583 726 2634 est
732 2595 740 2650 3
763 2577 884 2651 cupient
901 2583 930 2634 et
948 2594 1048 2634 amare
1062 2575 1164 2634 videri.
1235 2573 1238 2576 ’

398 2718 419 2747 ,·
574 2750 576 2754 .
798 2672 908 2731 Mam'l.
931 2688 959 2748 5.
985 2673 1124 2749 143-156.

206 2783 355 2828 norpa-
371 2766 448 2845 Verg.
474 2767 575 2845 Georg.
598 2786 626 2842 4.
649 2768 803 2846 287-2933
824 2770 894 2827 Luc.
917 2769 944 2828 8.
966 2784 1076 2845 444·7;
1092 2769 1166 2828 Stat.

368 2865 422 2924 Sil.
445 2881 473 2940 3.
497 2882 524 2924 2.
549 2880 690 2942 107-120.
714 2867 771 2943 Cp.
792 2867 859 2925 Iun.
884 2882 929 2943 15.

366 2965 494 3040 (festival
515 2964 560 3038 in)
585 2964 687 3035 Claud,
707 2963 763 3022 IV
783 2964 865 3026 Cons.
892 2964 974 3024 Hon.
995 2965 1101 3042 570·6.

208 3061 439 3121 Μαι-διαί.
461 3060 515 3121 Sil.
541 3078 565 3121 1.
588 3080 615 3122 2.
638 3075 720 3138 7-10,
744 3077 846 3139 250-5.

207 3176 387 3219 nLnPHArrr.

287 3259 335 3317 ille
356 3257 519 3334 elephanta
538 3265 654 3334 premet
674 3259 765 3317 dorso
786 3259 972 3335 stimulisque
992 3259 1127 3317 monebit

286 3355 379 3434 inque
399 3362 477 3415 artes
496 3355 654 3414 hominum
675 3375 873 3433 perversaque
893 3357 997 3415 munia
1018 3356 1108 3415 ducet

286 3452 410 3529 turpiter
428 3453 460 3509 in
480 3460 564 3512 tanto
585 3453 744 3512 cedentem
764 3454 900 3530 pondere
919 3453 1047 3529 punctis.

846 3549 956 3607 Manr‘l.
977 3564 1005 3625 5.
1028 3563 1125 3627 705-7.

365 3649 436 3706 Luc.
458 3646 486 3707 6.
509 3661 658 3724 207-2133
680 3648 746 3705 qu.
772 3664 816 3706 12.
841 3664 982 3721 roz-114.

208 3745 512 3816 munuca-lua
538 3762 582 3805 10.
608 3760 748 3820 114-132.
