2752 4284
262 334 295 397 98

262 537 405 581 carenos.

340 619 389 678 ille
409 627 511 679 autem
534 619 646 678 scelere
667 626 739 678 ante
760 619 836 678 alios
856 619 1017 678 immanior
1036 628 1151 690 omnes)

382 716 523 775 tormenti
543 716 658 775 invenit
678 716 730 793 qui
748 733 843 793 genus
864 723 927 774 arte
947 734 1037 786 nova,

342 812 509 883 infandum,
531 812 725 883 horrendum,
747 813 854 882 dirum,
876 820 1024 871 tremuere
1044 812 1128 888 quod
1141 810 1225 888 ipsae

384 911 580 981 Eumenides,
602 918 632 968 et
651 928 704 968 rex
724 910 839 968 horruit
858 910 923 986 lpse
944 909 1044 968 Erebi.

343 1025 405 1086 qua
425 1008 491 1078 ruit,
514 1008 698 1067 occumbunt
718 1008 806 1065 urbes
827 1008 978 1083 silvaeque
997 994 1171 1066 tremiscunt

383 1105 554 1182 turbatique
574 1112 663 1164 sonat
683 1105 763 1182 regia
783 1113 868 1164 vasta
887 1105 984 1163 maris.
1007 1100 1011 1108 '

343 1222 407 1263 non
428 1204 469 1263 sic
490 1205 565 1263 irata
585 1204 731 1263 iaculatur
750 1203 875 1261 fulmina
896 1204 1002 1262 dextra

384 1321 442 1362 nec
463 1303 575 1361 tonitru
595 1302 712 1361 caelum
729 1302 847 1381 Jupiter
867 1320 958 1360 omne
980 1301 1084 1377 quatit.

343 1401 456 1461 excutit
476 1401 612 1478 ingentes
632 1401 756 1458 immani
775 1401 913 1476 pondere
935 1400 1030 1458 moles

385 1498 542 1558 involvens
563 1499 646 1558 fumo
666 1499 842 1576 nigricolore
862 1499 953 1556 diem.

749 1597 798 1672 Jo.
821 1595 881 1654 Sec.
902 1595 986 1672 Eleg.
1009 1610 1056 1654 22.
1079 1608 1183 1670 25·34.

267 1744 371 1788 cnnrn
401 1726 620 1804 mnu—Capu
649 1727 738 1803 35-8;
772 1727 833 1785 Tib.
861 1744 886 1787 1.
912 1744 936 1787 1.
958 1725 1068 1803 69·74;
1090 1727 1175 1807 Prop.
1198 1741 1225 1786 2.

431 1839 475 1901 15·
499 1842 582 1900 23·4‚
603 1839 707 1902 4954»
729 1842 758 1899 4·
781 1838 807 1900 5·
830 1822 944 1900 57-60,
974 1823 1028 1882 ov·
1050 1823 1109 1882 ‘⁴17⁸
1124 1824 1224 1882 Amat·

427 1939 456 1999 s·
478 1922 587 2000 59·80;
609 1923 690 1980 Fast·
713 1936 740 1998 5·
760 1936 871 1998 sss-43
891 1919 987 1980 Mart·
1011 1938 1036 1982 1·
1060 1919 1105 1992 16,
1127 1935 1155 1996 5·
1178 1919 1225 1996 58.
1289 1959 1292 1963 -

428 2019 476 2093 64,
499 2021 527 2081 8.
550 2035 607 2097 77;
625 2013 700 2078 Aus.
720 2020 808 2096 Epz'g.
834 2035 879 2094 13.

347 2118 409 2178 heu
428 2119 517 2188 male,
539 2118 629 2177 crede
649 2117 731 2188 mihi,
753 2117 779 2176 si
799 2117 865 2194 quis
885 2135 940 2175 sua
959 2116 1072 2193 gaudia
1091 2116 1202 2191 differt;

388 2217 462 2274 dum
483 2213 642 2292 loquimur,
663 2233 726 2273 nox
746 2221 799 2286 est,
821 2214 924 2272 mortis
946 2221 976 2272 et
995 2214 1102 2273 umbra
1118 2213 1207 2272 subit.

720 2311 847 2370 Pseudo·
854 2310 940 2370 Galli
958 2311 1040 2389 Eleg.
1062 2327 1188 2389 99-100.

350 2429 423 2507 quin
443 2429 542 2505 potius
563 2429 637 2486 dum
658 2429 720 2488 fata
739 2428 849 2498 sinunt,
872 2435 902 2486 et
921 2426 1006 2504 nigra
1025 2445 1161 2486 sororum

389 2528 526 2598 stamina,
548 2544 661 2603 verque
681 2526 756 2585 viret
775 2525 887 2595 nobile,
909 2543 1001 2602 carpe
1020 2544 1116 2601 rosas;

350 2644 437 2703 quae,
459 2625 517 2684 nisi
539 2633 705 2702 carpentur,
720 2624 906 2701 languebunt
919 2631 1029 2700 sponte
1044 2624 1227 2702 cadentque,

390 2732 420 2783 et
440 2724 530 2783 stabit
551 2723 639 2800 lapsis
660 2723 748 2800 spina
767 2722 917 2781 inhonora
937 2723 1020 2780 rosis.

790 2821 840 2896 so.
861 2819 920 2879 Sec.
944 2821 1027 2898 Eleg.
1051 2835 1077 2897 5.
1099 2821 1187 2899 45·8.

348 2936 475 3000 utamur,
498 2931 571 2987 dum
592 2929 654 2988 fata
674 2929 784 2999 sinunt,
806 2928 979 2987 melioribus
1000 2928 1096 2999 annis,

391 3036 422 3086 et
443 3036 507 3086 tota
527 3028 616 3087 nobis
636 3035 738 3086 mente
759 3028 873 3086 colatur
892 3027 988 3085 Amor
995 3046 1002 3101 ;

351 3127 425 3184 dum
446 3127 535 3184 decet
556 3134 586 3185 et
605 3133 707 3202 postes
728 3134 876 3184 nocturna
896 3125 1032 3203 frangere
1051 3124 1125 3197 rixa,

391 3241 449 3302 nec
469 3225 569 3300 pudor
589 3232 634 3281 est
654 3222 752 3282 vernis
772 3223 854 3280 frons
874 3221 1012 3280 redimita
1033 3221 1155 3279 rosis...

352 3321 467 3381 auferet
487 3321 564 3380 haec
584 3339 695 3392 secum,
718 3321 798 3380 velut
818 3321 913 3379 aufert
934 3319 1044 3390 omnia,
1067 3325 1196 3395 tempus.

812 3415 920 3475 Muret.
942 3417 1024 3494 Eleg.
1046 3432 1074 3475 2.
1097 3429 1187 3492 25-31

926 3513 986 3594 (cp.
1009 3529 1098 3585 nun,
1112 3513 1190 3590 stirs)

273 3649 578 3726 cnnmnen.-Prop.
608 3663 635 3708 2.
667 3664 692 3708 1.
721 3646 802 3724 75·6,
832 3664 860 3720 4.
889 3647 917 3708 8.
949 3662 1056 3725 15·22;
1086 3646 1142 3705 Ov.
1163 3644 1230 3703 Am.

435 3766 463 3808 2.
488 3750 659 3824 10·49·50·
