2752 4284
600 353 801 404 RUM-SAI

269 604 272 609 Δ
305 539 463 590 cesserunt⁴
478 549 569 602 arces,
591 531 728 591 cecidere
747 531 859 608 palatia
879 531 1002 605 divum;

344 627 405 686 iam
425 629 514 688 servit
533 629 671 706 populus,
693 629 886 705 degeneravit
905 645 1008 705 eques

305 743 384 803 quae
404 725 519 786 fueram
539 734 635 785 totum
656 727 812 803 quondam
833 726 984 785 celebrata
1003 743 1057 802 per
1077 724 1182 784 orbem

343 824 392 882 vix
411 825 481 883 sinit
501 843 625 885 occasus
644 825 692 885 vel
712 825 884 884 meminisse
903 824 972 882 mei.

736 922 845 979 Incerti
862 921 948 999 Epig.
971 922 1011 981 de
1032 913 1143 980 Roma]
1256 935 1257 938 ’

301 1052 351 1112 hic
371 1054 425 1113 tibi
445 1055 607 1133 surgebant
626 1056 768 1127 celebres,
790 1054 922 1125 Luculle,
944 1062 1079 1131 penates,

343 1169 398 1229 pro
420 1153 530 1230 quibus
550 1153 612 1212 heu
631 1161 716 1213 vasta
735 1153 813 1213 mole
833 1152 919 1212 ruina
938 1152 1025 1211 iacet.

300 1249 366 1326 ipse
388 1258 492 1310 tamen
512 1252 610 1328 paries
630 1253 746 1328 priscae
766 1251 890 1328 vestigia
909 1251 1024 1309 formae

339 1355 437 1406 servat
458 1357 489 1406 et
508 1348 645 1408 euersum
665 1350 779 1426 grande
799 1349 933 1425 superbit
954 1365 1038 1425 opus.

299 1445 404 1504 omnia
425 1463 505 1521 quae
525 1445 592 1504 diro
613 1453 794 1504 consumunt
815 1447 915 1515 dente,
937 1444 1086 1522 parabant

341 1541 464 1601 exitium
485 1543 565 1602 saxis
584 1551 721 1620 tempora
727 1563 735 1618 ;
757 1544 838 1602 fama
858 1551 957 1621 negat.

615 1640 725 1699 Incerti
743 1641 828 1733 Epig.
850 1642 891 1700 de
911 1640 991 1699 Villa
1012 1639 1136 1701 Luculli.

219 1775 415 1823 136646613-
436 1762 523 1841 Prop.
537 1779 564 1824 2.
589 1763 634 1825 18.
656 1764 746 1840 37·8;
773 1764 827 1824 Ov.
847 1763 930 1845 Eart.
952 1762 979 1824 6.
1001 1762 1106 1840 527-8.

217 1861 529 1938 securam-Prop.
561 1877 589 1937 3.
621 1879 666 1922 10.
698 1878 798 1938 19-20‚
827 1879 855 1937 4.
878 1878 906 1937 3.
928 1859 1012 1933 61-2,
1033 1858 1062 1921 6.
1088 1877 1174 1937 1-10;

382 1959 437 2019 Oa.
463 1960 536 2019 Her.
562 1976 590 2021 2.
622 1960 701 2037 17-8,
732 1976 776 2035 13.
802 1976 902 2035 112-4‚
926 1975 973 2018 21.
995 1975 1085 2036 91-43
1106 1958 1174 2018 Am.

377 2072 405 2132 3.
432 2073 477 2132 13.
503 2057 586 2133 11-8;
607 2057 690 2118 Fast.
715 2075 739 2116 1.
762 2057 865 2134 75·84,
888 2070 1031 2134 719-720,
1053 2054 1081 2118 6.
1104 2071 1174 2133 159-
1248 2103 1253 2111 .

381 2152 452 2229 164;
487 2156 571 2216 Trist.
597 2173 626 2230 4.
657 2155 782 2231 2··3·6;
812 2154 898 2215 Pont.
920 2172 948 2217 2.
969 2171 998 2232 9.
1020 2169 1123 2231 25-32,
1146 2169 1173 2231 3.

378 2251 912 2330 umaassbubwffl.

375 2348 483 2427 (origin
505 2350 555 2426 of)
581 2350 635 2410 Ov.
655 2352 737 2411 Fast.
758 2366 786 2425 3.
809 2348 952 2426 727-736.

373 2446 505 2524 (simple)
530 2447 591 2508 Tib.
617 2465 642 2509 1.
667 2465 712 2508 10.
737 2447 837 2525 19-28.

372 2545 484 2621 (rustic)
515 2545 576 2602 Tib.
604 2562 628 2606 1.
653 2562 678 2607 1.
703 2563 803 2619 11-24‚
826 2559 853 2621 5.
876 2545 958 2622 27·8‚
981 2561 1008 2606 2.
1034 2543 1170 2622 1.13·6;

414 2640 507 2718 Prop.
527 2659 556 2716 4.
582 2659 606 2702 1.
629 2659 713 2719 23·4.

372 2738 574 2817 (shepherd’s)
601 2740 655 2802 Oa.
675 2743 755 2802 Fast.
776 2759 805 2816 4.
828 2739 971 2818 735·746.
1088 2784 1093 2790 ι

373 2835 417 2911 (to
439 2835 543 2896 Venus
575 2837 663 2916 Prop.
684 2857 713 2912 4.
736 2853 763 2915 5.
785 2837 869 2915 62·3.

368 2936 412 3004 <to
432 2933 555 3011 Manes)
580 2935 634 2997 Ov·
654 2935 737 2996 Fast·
759 2934 787 2998 '2-
809 2950 952 3013 533·542‚
974 2952 1003 3014 3·
1023 2936 1168 3016 559·564‚

410 3044 438 3107 5·
460 3049 605 3109 429·444·

206 3163 433 3225 sercou-Oe.
454 3165 527 3225 Her.
551 3180 597 3242 15.
618 3165 709 3244 65-63
730 3167 798 3230 Am.
820 3184 848 3230 2.
872 3183 917 3229 11.
934 3167 1008 3246 25-6
1104 3226 1108 3231 .

288 3259 338 3320 ille
358 3262 450 3321 adeat
468 3270 560 3323 terras
581 3265 642 3326 alio
662 3267 718 3325 sub
739 3268 804 3327 sole
823 3268 957 3328 calentes
982 3251 985 3256 ’

326 3357 473 3436 litoraque
492 3361 636 3422 instructa
655 3365 783 3441 plurima
802 3366 896 3426 classe
916 3367 1003 3444 legat,

286 3470 341 3513 seu
360 3455 436 3515 ferat
456 3457 622 3519 Herculeas
642 3462 759 3522 animus
780 3472 915 3540 spectare
935 3466 1098 3536 columnas,

326 3569 380 3610 seu
400 3553 475 3614 ferat
495 3574 628 3617 annosos
648 3559 690 3618 ire
711 3562 751 3619 ad
773 3561 1003 3639 Hyperboreos:

288 3647 389 3719 durus,
411 3651 464 3727 qui
484 3645 576 3730 fragili
596 3655 687 3715 vitam
709 3660 895 3720 committere
915 3661 994 3739 ligno

219 3837 221 3841 .
323 3747 416 3806 audet
436 3756 467 3808 et
487 3749 605 3828 ignotas
625 3757 763 3834 aequoris
784 3757 827 3817 ire
846 3759 917 3829 vias,
