2752 4284
660 355 729 404 R1v

376 539 487 613 (power
507 535 549 607 ol)
573 531 627 595 On.
647 534 715 592 Am.
738 549 765 610 3.
788 534 816 594 8.
838 533 942 610 53-60.

295 633 429 712 quisquis
448 633 542 692 habet
561 649 710 702 nummos,
732 650 836 692 secura
856 633 976 710 navigat
996 651 1069 694 aura

333 731 544 807 fortunamque
565 748 620 790 suo
641 738 789 807 temperat
809 730 941 790 arbitrio.

294 847 418 888 uxorem
438 829 531 887 ducat
550 827 683 887 Danaen
703 827 866 905 ipsumque
882 827 984 888 licebit

334 926 482 985 Acrisium
502 925 606 984 iubeat
626 926 749 984 credere
770 928 853 1003 quod
874 925 1016 985 Danaen.

293 1025 426 1084 carmina
446 1031 619 1101 componat,
642 1023 801 1094 declamet,
824 1033 986 1100 concrepet
1006 1042 1112 1084 omnes

333 1131 364 1181 et
382 1130 506 1199 peragat
526 1139 632 1180 causas
653 1121 750 1197 sitque
772 1121 890 1181 Catone
911 1122 1001 1198 prior.

293 1219 363 1278 iuris
383 1220 535 1278 consultus
558 1225 673 1296 “paret²
695 1237 759 1276 non
779 1229 864 1296 paret
872 1219 886 1245 ''
909 1219 1022 1280 habeto

333 1325 426 1394 atque
446 1325 511 1376 esto
532 1316 682 1393 quidquid
702 1316 820 1376 Servius
841 1324 871 1375 et
892 1316 1005 1376 Labeo.
1048 1301 1051 1307 ⁵

292 1415 387 1472 multa
407 1415 528 1490 loquor;
552 1416 635 1490 quod
658 1414 709 1484 vis,
725 1415 856 1472 nummis
869 1416 1076 1491 praesentibus
1091 1425 1172 1494 opta,

332 1519 363 1570 et
383 1512 491 1570 veniet.
512 1512 646 1570 clausum
668 1513 804 1588 possidet
824 1531 894 1570 arca
915 1512 1030 1572 Iovem.

836 1608 953 1669 Patron.
974 1629 1040 1688 cap.
1067 1625 1132 1687 137.
1177 1678 1179 1683 y

383 1706 533 1781 (vainness
557 1706 602 1782 ol)
622 1706 708 1782 Prop.
731 1722 758 1782 3.
783 1705 829 1767 18.
856 1720 965 1782 17·2o;
989 1706 1060 1766 Aur.
1084 1710 1169 1785 Epig.

412 1818 460 1880 54,
485 1819 551 1880 134·

373 1904 495 1973 (useless
515 1912 547 1961 to
568 1921 606 1962 an
629 1903 681 1961 old
701 1903 786 1978 man)
997 1974 1000 1980 Ι

293 2000 366 2078 quid
386 2001 461 2058 mihi
481 2000 613 2071 divitiae,
635 2019 761 2078 quarum
782 2001 807 2059 si
828 2002 994 2078 dempseris
1014 2020 1101 2062 usum

332 2099 467 2177 quamvis
487 2099 583 2176 largus
604 2117 696 2182 opum
718 2112 836 2176 semper
856 2117 969 2176 egenus
990 2101 1060 2160 ero?

290 2197 383 2257 immo
403 2198 493 2256 etiam
513 2215 616 2276 poena
636 2205 681 2256 est
700 2197 792 2274 partis
813 2197 987 2256 incumbere
1007 2199 1105 2268 rebus

331 2314 405 2374 quas
426 2314 496 2354 cum
515 2296 672 2373 possideas
693 2303 738 2354 est
758 2296 880 2354 violare·
891 2296 986 2354 nefas.

290 2411 354 2453 non
374 2394 458 2452 aliter
477 2394 580 2452 sitiens
600 2393 712 2452 vicinas
732 2393 877 2451 Tantalus
897 2394 995 2451 undas

330 2500 432 2568 captat
451 2500 482 2550 et
501 2490 645 2568 appositis
665 2491 795 2548 abstinet
816 2509 869 2549 ora
890 2490 972 2549 cibis.
1050 2486 1054 2494 ’

227 2615 230 2619 ’
289 2590 402 2650 efficior
422 2599 521 2649 custos
542 2608 640 2649 rerum
660 2589 755 2666 magis
776 2589 840 2664 ipse
860 2606 1003 2654 mearum.

329 2706 510 2748 conservans
530 2688 595 2747 aliis
616 2705 695 2764 quae
715 2687 830 2764 periere
850 2685 941 2758 mihi;

289 2786 366 2846 sicut
386 2787 418 2843 in
438 2785 596 2844 auricomis
617 2784 783 2862 pendentia
803 2784 947 2861 plurimus
967 2784 1061 2843 hortis

328 2884 450 2962 pervigil
471 2884 612 2943 observat
632 2902 696 2942 non
716 2902 770 2942 sua
792 2900 884 2959 poma
906 2884 1007 2942 draco

780 2977 912 3040 Maxim.
938 2997 963 3039 1.
988 2978 1128 3056 181·190.

368 3080 569 3158 (uncertainty
590 3079 631 3151 ol)
658 3079 712 3140 On.
739 3076 825 3138 Trist.
847 3093 875 3152 3.
897 3091 924 3153 7.
947 3093 1056 3154 39-42;
1077 3079 1169 3136 Mara

408 3192 436 3254 5·
457 3193 507 3252 42.

362 3276 470 3354 (origin
491 3276 525 3334 oi
543 3275 612 3347 evil)
634 3273 722 3351 Prop.
744 3289 772 3350 3.
796 3288 822 3350 7.
849 3290 911 3348 1-4.

208 3375 424 3436 nmen-Tib.
453 3391 477 3435 1.
505 3387 533 3450 7.
558 3391 644 3448 11·4;
666 3374 752 3449 Prop.
779 3389 803 3432 1.
830 3388 874 3445 14.
900 3370 960 3442 1-6,
984 3388 1031 3430 20.
1055 3369 1116 3447 7-8,
1141 3387 1168 3431 2.

368 3489 416 3548 34.
439 3471 522 3548 33-6,
546 3488 574 3547 3.
598 3487 646 3532 22.
668 3470 757 3546 23-6;
784 3469 1167 3545 0²²·P012l·4·10·45·58·

367 3572 484 3647 (source
508 3571 553 3646 of)
577 3567 631 3630 On.
653 3570 736 3628 Rem.
758 3566 826 3626 Am.
849 3568 933 3644 97-8.

366 3666 473 3748 (bank)
498 3668 553 3730 On.
573 3668 653 3729 Fast.
675 3682 704 3743 3.
727 3664 808 3726 11·8.

206 3784 308 3827 urvnn
318 3767 493 3829 uon-On.
505 3765 590 3844 Epic.
602 3767 692 3825 Drur.
704 3781 807 3837 221·4;
820 3761 901 3822 Fast.
915 3761 1167 3838 5.o35-8‚661-2.

1011 3886 1047 3929 10
