2752 4284
321 319 368 370 132
762 319 837 368 LOV

396 512 474 570 quae
494 504 567 553 tunc
586 497 742 572 purpureis
763 498 853 557 labris
874 509 1023 560 remorata
1044 503 1166 574 resistet,

436 592 536 651 forsan
557 602 587 652 et
606 594 760 670 inceptum
780 596 860 655 laeta
881 600 991 656 redibit
1011 601 1074 670 iter,

394 694 515 767 spernet
535 700 565 750 et
585 692 700 768 Elysias
721 694 809 752 sedes
830 696 1002 773 vallemque
1023 699 1145 758 beatum

433 808 506 865 prae
526 798 588 848 tam
609 791 740 850 mellitae
760 792 881 851 basiolis
903 796 1056 854 dominae.

813 889 860 965 so.
883 888 947 951 Sec.
969 893 1054 969 Eleg.
1078 910 1106 968 3.
1130 896 1229 972 29-36.

475 986 621 1063 (stronger
639 985 714 1044 than
735 988 841 1063 death)
862 988 946 1064 Prop.
971 1007 997 1048 2.
1021 1005 1068 1066 27.
1095 990 1170 1053 11-6.

474 1084 517 1160 (in
537 1085 642 1160 death)
662 1082 748 1161 Prop.
775 1103 799 1144 1.
826 1102 870 1163 19.
896 1103 975 1157 1-12,
998 1105 1026 1161 4.
1050 1103 1077 1163 7.
1099 1106 1179 1164 93-4.

474 1182 575 1258 (quiclr
596 1191 627 1241 to
648 1183 701 1259 fly)
726 1182 780 1241 Oa.
801 1182 859 1240 Ars
879 1184 981 1242 Amat.
1006 1202 1032 1244 2.
1059 1199 1154 1261 17·2o.

473 1280 682 1356 (dissembled)
709 1280 762 1340 Oa.
784 1281 866 1341 Rem.
887 1280 954 1341 Am.
976 1299 1078 1359 491-4.

473 1378 617 1454 (seigned)
642 1377 695 1437 Ov.
717 1378 799 1437 Rem.
820 1377 887 1437 Am.
909 1394 1052 1455 495=5o4.
1221 1424 1224 1429 -

472 1476 658 1553 (stratagems
683 1476 728 1552 ol)
760 1476 821 1536 Tib.
848 1493 871 1535 1.
893 1474 920 1536 6.
948 1477 1050 1552 19-28;
1078 1476 1131 1536 Oa.
1153 1477 1220 1536 Am.
1247 1496 1271 1539 1.

511 1591 540 1647 4·
566 1590 663 1649 1132·
1012 1643 1015 1647 .

470 1673 561 1746 (finds
583 1690 601 1730 a
621 1672 698 1748 way)
720 1671 802 1749 Prop.
825 1687 851 1729 2.
875 1688 921 1730 20.
946 1688 1030 1748 9-12.

471 1771 514 1846 (in
536 1771 678 1846 absence)
701 1768 786 1845 Prop.
810 1787 836 1828 2.
863 1786 906 1846 19.
931 1784 1037 1845 27-32;
1064 1767 1116 1827 Oa.
1142 1772 1224 1829 Trist.
1241 1790 1268 1847 3.

511 1886 539 1942 4·
562 1868 660 1945 sta-02·

469 1967 564 2041 (cools
584 1967 616 2023 in
637 1964 779 2041 absence)
800 1965 883 2042 Prop.
910 1982 933 2024 1.
960 1981 1004 2024 12.
1030 1983 1105 2024 11·2.

470 2065 511 2139 (in
542 2064 679 2140 poverty)
707 2063 760 2122 Ov.
782 2063 854 2120 Her.
878 2077 905 2138 5.
928 2064 1030 2138 77·82;
1056 2061 1157 2121 Claud.
1179 2063 1267 2141 Epig.

510 2178 557 2238 39,
579 2178 627 2236 40·

469 2260 510 2336 (in
532 2278 551 2318 a
570 2260 699 2337 cottage)
725 2260 785 2317 Tib.
811 2277 834 2320 1.
858 2274 884 2334 5.
908 2257 1009 2334 21-36‚
1033 2275 1060 2318 2.
1083 2275 1111 2334 3.
1138 2276 1217 2319 1-10.

468 2359 503 2432 (is
524 2360 612 2434 poor)
638 2357 701 2416 Tib.
727 2375 751 2417 1.
774 2373 801 2434 5.
824 2356 924 2435 59·68.

469 2457 573 2532 (shuns
593 2457 729 2533 poverty)
764 2454 817 2514 Oa.
840 2456 921 2514 Rem.
944 2456 1011 2513 Am.
1038 2470 1139 2532 745-9.

469 2557 576 2625 (better
595 2556 670 2614 than
690 2556 810 2630 wealth)
837 2553 901 2612 Tib.
928 2571 951 2614 1.
975 2571 1001 2614 2.
1025 2553 1109 2629 75·8;
1131 2553 1220 2630 Prop.
1240 2571 1264 2612 1.

510 2670 554 2727 14.
580 2651 655 2713 1-16.
949 2652 952 2659 ’

387 2752 458 2828 quid
480 2752 588 2828 Tyrius
609 2753 674 2810 sine
691 2769 793 2810 amore
808 2751 911 2808 torus?
927 2751 1000 2826 quid
1015 2767 1119 2807 mensa
1134 2749 1262 2807 Falerno

426 2851 508 2908 uda?
531 2851 604 2926 quid
625 2851 734 2908 auratis
754 2850 824 2907 nixa
845 2850 954 2906 domus
976 2848 1132 2905 trabibus?

387 2948 460 3026 quid
480 2949 562 3007 iuvat
582 2948 709 3023 Assyriis
730 2949 761 3004 in
782 2947 924 3005 odoribus
946 2946 1155 3021 elanguentem

426 3065 480 3105 seu
506 3065 597 3122 sopor
624 3047 664 3103 ad
688 3045 815 3102 citharas
837 3063 890 3102 seu
910 3045 975 3102 leve
995 3061 1128 3099 murmur
1142 3043 1262 3118 aquae?

387 3144 489 3202 omnia
514 3144 556 3200 nil
582 3143 647 3201 siue
672 3160 774 3201 amore
795 3142 905 3210 iuvant,
928 3142 982 3198 sed
1003 3158 1105 3198 amore
1126 3140 1261 3197 secundo

426 3249 456 3299 et
476 3259 567 3317 sopor
586 3241 617 3298 in
638 3241 713 3298 dura
733 3239 863 3296 blandus
884 3238 978 3295 humo
1000 3237 1132 3305 trahitur,

386 3340 483 3398 omnis
504 3346 535 3396 et
554 3337 709 3413 Assyrium
729 3336 814 3394 tellus
836 3335 968 3410 adspirat
988 3352 1141 3393 amomum

418 3445 448 3496 et
469 3437 592 3495 vincunt
611 3435 738 3493 humiles
759 3442 839 3491 tecta
859 3433 988 3508 superba
1009 3450 1107 3489 casae.

810 3529 861 3607 so,
882 3528 942 3587 Sec.
964 3530 1047 3606 Eleg.
1070 3545 1097 3588 2.
1120 3527 1221 3606 79·86.

464 3633 589 3708 (cannot
607 3633 646 3690 be
665 3631 807 3706 escaped)
830 3630 913 3704 Prop.
937 3644 963 3687 2.
987 3643 1036 3701 30.
1062 3644 1144 3685 1·10.

465 3732 624 3808 (conquers
644 3727 839 3806 philosophy)
859 3727 946 3803 Eup.
970 3743 996 3786 2.
1018 3742 1065 3800 34.
1089 3741 1189 3799 23-30.
