2752 4284
621 305 824 356 GOL-GOU

316 485 470 561 ingentem
491 484 609 560 aequali
629 485 839 543 moderantem
860 485 983 545 foedere
1003 487 1124 558 molem,

317 590 475 659 totumque
496 582 613 640 alterno
634 600 784 640 consensu
804 582 903 641 vivere
924 585 1071 642 mundum

317 688 348 740 et
367 679 492 739 rationis
513 681 561 756 agi
581 687 673 749 motu,
697 698 766 737 cum
786 680 906 756 spiritus
926 700 1004 740 unus

317 796 371 855 per
391 786 514 836 cunctas
535 777 652 836 habitet
672 785 772 854 partes
793 786 885 854 atque
906 779 1004 856 irriget
1025 782 1138 852 orbem,

318 876 421 935 omnia
441 876 631 953 pervolitans
654 892 824 952 corpusque
845 876 977 936 animale
997 878 1111 956 figuret.

891 972 1002 1033 Mami.
1026 992 1053 1034 2.
1075 975 1159 1036 60·6.

398 1076 479 1142 (care
500 1072 546 1129 for
566 1070 619 1130 the
639 1071 743 1146 world)
770 1070 871 1130 Claud.
890 1072 963 1148 Ruf.
989 1090 1013 1133 1.
1039 1091 1119 1134 1·11.

243 1184 338 1229 oonn.
1197 1172 1200 1177 '

318 1267 446 1326 artifices
469 1267 532 1326 auri
552 1267 649 1337 faciet,
673 1268 726 1344 qui
746 1269 827 1326 mille
847 1269 949 1345 figuris

317 1373 433 1425 vertere
455 1383 532 1442 opus
551 1366 674 1442 possint,
697 1367 855 1443 carnisque
872 1367 1032 1444 adquirere
1053 1369 1159 1429 dotem

317 1463 471 1532 materiae,
493 1470 524 1521 et
544 1463 677 1539 lapidum
697 1463 783 1527 vivos
801 1464 926 1523 miscere
946 1466 1071 1524 colores.

318 1561 390 1619 hinc
410 1568 537 1638 augusta
557 1561 654 1619 nitent
674 1562 796 1620 sacratis
815 1581 941 1621 munera
961 1564 1088 1640 templis,

317 1678 410 1719 aurea
430 1659 583 1719 Phoebeis
603 1660 747 1718 certantia
768 1660 880 1718 lumina
901 1661 1037 1732 flammis,

317 1775 566 1834 gemmarumque
586 1757 704 1815 vibrant
723 1757 875 1816 radiantes
896 1758 1010 1816 lucibus
1031 1759 1123 1836 ignes.

318 1855 390 1914 hinc
410 1855 558 1932 Pompeia
577 1863 702 1914 manent
722 1855 829 1914 veteris
849 1856 1038 1915 monimenta
1057 1857 1200 1935 triumphi

317 1970 382 2011 non
403 1953 534 2011 extincta
555 1972 608 2012 rue
628 1971 807 2030 semperque
827 1954 961 2012 recentia
980 1954 1119 2026 flammis,

255 2078 258 2085 ·
319 2058 349 2109 et
369 2049 582 2109 Mithridateos
603 2051 699 2108 vultus
720 2051 827 2109 induta
847 2057 980 2126 tropaea.

318 2147 390 2206 hinc
410 2148 592 2206 lenocinium
613 2148 727 2207 formae
748 2149 905 2224 cultusque
925 2156 1059 2224 repertus

320 2246 460 2322 corporis,
482 2253 574 2322 atque
595 2264 668 2304 auro
690 2246 825 2323 quaesita
846 2254 891 2305 est
910 2247 1005 2323 gratia
1025 2247 1139 2319 frontis,

318 2361 432 2420 perque
453 2351 544 2419 caput
565 2344 650 2401 ducti
672 2344 796 2420 lapides,
817 2362 872 2420 per
892 2345 970 2403 colla
990 2363 1168 2423 manusque,

318 2441 496 2518 etpedibus
517 2441 612 2500 niveis
632 2442 775 2500 fulserunt
795 2460 886 2501 aurea
910 2443 1019 2501 vincla.

830 2539 941 2598 Mam'l.
964 2556 991 2616 5.
1013 2555 1158 2619 507·519.

319 2635 456 2716 (digger).

317 2734 365 2794 ille
386 2736 477 2794 etiam
498 2736 593 2795 fulvas
614 2736 719 2794 avidus
740 2736 910 2794 numerabit
930 2737 1058 2797 harenas

316 2833 538 2910 perfundetque
559 2852 640 2912 novo
661 2834 805 2892 stillantia
826 2834 912 2892 litora
932 2842 1027 2910 ponto

316 2948 488 3008 magnaque
509 2932 652 2991 ramentis
671 2931 761 2990 faciet
780 2940 936 2990 momenta
956 2932 1087 3004 minutis,

317 3029 465 3106 pontique
486 3029 536 3088 iile
556 3030 632 3107 leget
653 3047 760 3088 census
781 3030 947 3105 spumantis
967 3030 999 3086 in
1019 3049 1135 3089 aurum.

831 3126 942 3186 Manil.
965 3141 992 3202 5.
1015 3142 1158 3203 527-530.

238 3239 367 3284 oonnnu
394 3222 595 3302 Aen-Verg.
622 3224 684 3282 Ecl.
713 3241 741 3299 4.
761 3224 878 3300 ⁴18-453
912 3224 1197 3302 Georg.1.125·8;

403 3321 457 3381 Ou.
480 3323 554 3381 Met.
581 3340 605 3381 1.
628 3323 754 3400 iio-112,
778 3336 823 3398 15.
849 3321 978 3400 pir-1033
1005 3322 1106 3383 Claud.
1121 3325 1195 3400 Rus.

441 3437 466 3479 1.
489 3434 572 3496 51·s‚
595 3420 699 3497 380-7.

238 3533 435 3578 GoURMArrn.

317 3616 473 3693 ingeniosa
493 3616 562 3694 gula
583 3624 636 3675 est.
659 3617 759 3676 Siculo
780 3635 880 3675 scarus
900 3636 1034 3694 aequore
1054 3636 1169 3678 mersus

212 3752 214 3756 »
315 3715 356 3774 ad
376 3732 513 3773 mensam
535 3715 618 3773 vivus
638 3716 820 3790 producitur,
843 3716 935 3791 inque
958 3715 1092 3774 Lucrinis
