2752 4284
234 313 265 349 22
602 309 802 356 DEW-DIS

312 485 481 564 migrabunt
501 503 587 544 casus
606 486 705 545 aliena
725 486 757 543 in
779 504 906 563 corpora
925 467 1031 558 rerum,

312 601 405 661 quam
425 592 477 643 tua
497 585 536 643 de
557 583 664 643 nostris
685 584 809 662 emigret
832 603 903 644 cura
923 585 1071 645 medullis.

713 679 774 739 Val.
801 680 881 741 Cato.
902 681 1005 741 Dirae.
1026 682 1150 759 98·101.
1230 742 1235 751 ,

395 777 499 836 Tibull.
520 795 549 853 4.
574 795 599 837 1.
620 792 732 856 ipo-73
759 777 842 856 Calp.
865 778 923 838 Sic.
937 795 965 855 3.
981 796 1070 856 10·2;
1088 780 1193 840 Claud.

392 876 463 951 Rufi
485 892 512 935 2.
538 891 642 953 240·5.
824 875 881 955 (cp.
906 877 1151 956 Impossibz'lz'tics).

233 973 443 1051 nau-Caly.
465 974 523 1034 Sic.
546 989 573 1051 5.
596 988 681 1052 52-5.

233 1085 383 1132 maum-
394 1069 472 1149 Verg.
499 1070 572 1130 Aen.
604 1088 629 1130 1.
656 1071 806 1149 498-502;
832 1071 933 1131 Claud.
954 1073 1052 1132 Laud.
1075 1073 1143 1132 Stil.
1165 1090 1195 1150 3.

394 1169 544 1247 285·2q4;
565 1171 655 1247 Rapt.
676 1171 755 1229 Pros.
779 1188 806 1229 2.
829 1184 933 1246 27·35.

313 1276 346 1326 tu
363 1269 466 1338 mod0,
488 1286 567 1344 quae
587 1269 679 1327 saltus
700 1269 837 1345 placidos
859 1269 1008 1346 silvasque
1028 1287 1163 1346 pererras

314 1365 459 1436 Latonae,
482 1365 614 1436 Phoebe,
636 1384 779 1442 magnum
800 1367 901 1437 decus,
923 1367 971 1426 eia
991 1385 1047 1444 age
1067 1374 1166 1426 suetos

313 1481 398 1523 sume
413 1463 541 1533 habitus
553 1481 716 1540 arcumque
726 1481 827 1534 manu,
838 1464 1012 1541 pictamque
1021 1464 1196 1541 pharetram

314 1562 465 1638 suspende
486 1580 525 1620 ex
545 1561 653 1620 umeris
659 1580 667 1636 ;
690 1561 750 1620 sint
769 1579 862 1621 aurea
882 1562 952 1632 tela,
974 1561 1115 1639 sagittae:

314 1659 447 1719 candida
466 1658 602 1736 puniceis
623 1665 763 1735 aptentur
783 1677 868 1718 crura
889 1659 1059 1720 cothurnis:

314 1757 352 1818 sit
372 1757 506 1834 chlamys
526 1764 630 1816 aurato
650 1757 778 1815 multum
798 1757 968 1816 subtemine
989 1758 1061 1828 lusa,

314 1873 513 1933 corrugesque
532 1855 615 1914 sinus
635 1855 791 1932 gemmatis
812 1854 928 1914 balteus
947 1863 1041 1914 arctet

314 1954 454 2013 nexibus:
476 1953 635 2029 implicitos
656 1952 765 2011 cohibe
786 1952 960 2012 diademate
980 1953 1085 2012 crines.

315 2059 415 2110 tecum
437 2049 572 2108 Naiades
592 2049 703 2119 faciles
725 2048 873 2126 viridique
894 2049 1015 2107 iuventa

315 2149 463 2226 pubentes
489 2147 636 2224 Dryades,
663 2146 896 2224 Nymphaeque,
922 2147 1005 2205 unde
1032 2146 1175 2206 amnibus

356 2263 450 2315 umor,

316 2343 425 2414 adsint,
447 2351 477 2402 et
498 2343 602 2402 docilis
622 2343 765 2403 decantet
786 2317 922 2401 Orcadas
943 2341 1038 2401 Echo.

816 2439 929 2497 Nemes.
951 2437 1028 2515 Cyn.
1050 2436 1155 2517 86-96.

236 2552 442 2597 ntscorrraur.

278 2634 351 2711 quid
371 2642 433 2693 tam
454 2632 585 2692 sollicitis
605 2633 697 2692 vitam
718 2632 922 2692 consumimus
943 2633 1055 2692 annis?

277 2740 510 2810 torquemurque
529 2738 612 2790 metu
633 2749 784 2808 caecaque
805 2731 947 2808 cupidine
967 2748 1084 2804 rerum3

278 2829 467 2906 aeternisque
486 2847 574 2888 senes
595 2829 680 2898 curis,
703 2829 775 2886 dum
797 2827 975 2904 quaerimus,
997 2845 1104 2887 aevum

278 2926 439 3004 perdimus,
462 2933 492 2985 et
512 2926 594 2984 nullo
615 2933 753 2989 votorum
774 2925 835 2983 fine
856 2925 937 2984 beati

278 3024 407 3083 victuros
428 3023 542 3100 agimus
562 3041 688 3099 semper,
710 3041 768 3081 nec
787 3022 912 3081 vivimus
933 3040 1086 3100 unquam;

278 3121 498 3199 pauperiorque
518 3121 606 3180 bonis
627 3120 755 3197 quisque
776 3128 829 3190 est,
850 3138 912 3196 quo
932 3120 1018 3196 plura
1037 3119 1156 3196 pararit,

279 3238 336 3278 nec
347 3220 430 3296 quod
441 3219 534 3278 habet
544 3225 689 3288 numerat,
701 3225 818 3277 tantum
829 3218 912 3294 quod
921 3235 984 3275 non
991 3216 1085 3276 habet
1092 3217 1199 3293 optat?

279 3335 409 3395 cumque
428 3316 485 3375 sibi
504 3335 613 3394 parvos
635 3328 705 3375 usus
726 3323 835 3375 natura
856 3322 1003 3391 reposcat,

279 3414 435 3474 materiam
455 3414 593 3473 struimus
613 3431 742 3490 magnae
763 3431 817 3490 per
837 3421 908 3471 vota
928 3412 1040 3482 ruinae,

280 3511 486 3589 luxuriamque
506 3511 592 3570 lucris
613 3511 747 3581 emimus,
769 3512 902 3587 luxuque
921 3510 1049 3586 rapinas,

281 3618 311 3668 et
330 3628 479 3670 summum
500 3610 608 3669 census
629 3609 757 3686 pretium
779 3617 824 3668 est
845 3609 1000 3667 effundere
1021 3607 1165 3666 censum?

893 3703 1003 3762 Mam‘l.
1025 3722 1053 3778 4.
1078 3720 1158 3762 1·11.
