2752 4284
667 374 743 424 AGE

218 609 219 613 ,
298 570 338 611 en
359 549 495 611 Lethaea
514 570 615 612 meam
635 554 766 612 subeunt
787 552 899 613 oblivia
918 561 1061 624 mentem,

338 668 395 709 nec
415 650 542 708 confusa
562 650 608 709 sui
628 651 881 724 iam-meminisse
900 659 1009 727 potest.

298 747 339 805 ad
359 747 475 805 nullum
496 749 647 825 consurgit
667 767 752 825 opus,
773 767 842 807 cum
863 767 989 826 corpore
1009 750 1136 826 languet,

338 852 430 922 atque
451 845 567 904 intenta
587 846 648 904 suis
669 847 811 922 obstupet
831 847 897 923 ipsa
917 847 1012 905 malis.

256 978 258 984 ι
299 943 432 1001 carmina
453 942 537 1002 nulla
557 936 648 1018 cano3
671 944 815 1003 cantandi
835 962 952 1003 summa
972 944 1111 1021 voluptas

338 1040 448 1116 effugit,
471 1047 502 1099 et
521 1040 604 1099 vocis
624 1041 718 1118 gratia
739 1059 810 1100 vera
830 1041 917 1118 perit.

298 1155 362 1195 non
382 1137 447 1196 fora
466 1138 602 1208 sollicito,
624 1157 682 1197 uec
702 1138 816 1197 blanda
829 1139 1012 1215 problemata
1032 1141 1123 1217 fingo,

339 1235 440 1294 litibus
460 1243 512 1294 aut
532 1235 644 1294 rabidis
665 1238 828 1296 commoda
850 1238 925 1296 dura
945 1256 1063 1314 sequor.

299 1333 426 1411 ipsaque
445 1352 496 1392 me
515 1334 630 1410 species
652 1336 808 1411 quondam
830 1336 940 1394 dilecta
959 1335 1077 1413 reliquit

339 1439 370 1490 et
390 1430 495 1490 videor
515 1432 629 1490 formae
650 1440 785 1491 mortuus
806 1451 872 1492 esse
892 1451 988 1492 meae.

298 1547 354 1606 pro
375 1530 464 1588 niveo
485 1531 636 1608 rutiloque
656 1530 738 1606 prius
757 1549 840 1590 nunc
860 1531 955 1589 inficit
976 1549 1029 1591 ora

338 1627 437 1704 pallor
457 1637 487 1686 et
508 1628 665 1705 exsanguis
686 1629 888 1706 funereusque
908 1630 1000 1688 color.

300 1731 364 1782 aret
384 1724 464 1782 sicca
484 1725 568 1795 cutis,
587 1724 678 1801 'rigidi
698 1731 778 1782 stant
798 1725 935 1800 undique
955 1725 1048 1795 nervi,

342 1830 380 1881 et
393 1822 525 1880 lacerant
545 1840 643 1880 uncae
663 1822 802 1880 scabrida
822 1823 958 1881 membra
977 1840 1094 1882 manus.

304 1921 460 1997 quondam
482 1920 614 1978 ridentes
636 1919 716 1978 oculi
736 1938 818 1977 nunc
838 1921 923 1991 fonte
942 1921 1069 1996 perenni

342 2018 528 2094 deplangunt
548 2035 664 2094 poenas
685 2026 775 2077 nocte
796 2018 908 2094 dieque
928 2037 1012 2093 suas;

302 2123 332 2174 et
353 2133 430 2192 quos
449 2122 534 2192 grata
553 2115 635 2190 prius
656 2115 789 2173 ciliorum
810 2123 889 2174 serta
910 2117 1053 2192 tegebant

342 2214 472 2288 desuper
491 2213 669 2271 incumbens
690 2213 811 2289 hispida
830 2214 905 2272 silva
924 2213 1042 2290 premit.

301 2327 338 2369 ac
358 2311 441 2369 velut
461 2311 568 2369 inclusi
589 2329 681 2370 caeco
703 2311 882 2370 claudantur
902 2312 934 2369 in
955 2320 1042 2371 antro

343 2409 447 2467 nescio
468 2408 542 2485 quid
563 2416 681 2466 torvum
701 2426 756 2467 seu
776 2408 881 2468 furiale
901 2410 1014 2467 vident.

303 2505 370 2571 iam.
383 2524 479 2583 pavor
500 2513 545 2565 est
565 2506 679 2564 vidisse'
697 2524 810 2577 senem,
832 2523 889 2564 nec
910 2508 1033 2565 credere
1053 2504 1151 2583 possis

342 2603 425 2661 hunc
446 2603 610 2674 hominem,
633 2603 768 2663 humana
789 2604 842 2681 qui
862 2604 979 2663 ratione
999 2611 1089 2663 caret.

302 2700 328 2759 si
348 2701 438 2760 libros
459 2710 572 2778 repete,
595 2702 706 2779 duplex
727 2720 760 2760 se
780 2702 877 2760 littera
898 2702 994 2773 findit,

343 2799 450 2876 largior
469 2799 597 2858 occurrit
616 2799 727 2876 pagina
747 2808 821 2858 nota
841 2800 925 2857 mihi.

304 2898 415 2956 claram
436 2916 491 2975 per
510 2899 638 2957 nebulas
659 2899 765 2957 videor
784 2898 859 2956 mihi
880 2916 1003 2957 cernere
1023 2899 1131 2969 lucem,

343 2996 445 3054 nubila
465 3004 535 3054 sunt
556 2996 649 3055 oculis
671 2996 737 3073 ipsa
756 3014 863 3054 serena
882 2997 966 3054 meis.

305 3093 427 3170 eripitur
447 3094 512 3152 sine
532 3102 623 3153 nocte
644 3094 724 3169 dies;
746 3094 873 3171 caligine
893 3112 985 3153 caeca

344 3199 462 3268 septum
484 3191 629 3251 Tartareo
651 3193 717 3269 quis
738 3201 827 3268 neget
848 3210 913 3250 esse
934 3192 1024 3251 loco?

305 3289 377 3348 talia
398 3289 465 3366 quis
486 3291 612 3348 demens
633 3290 750 3348 homini
770 3289 957 3366 persuadent
977 3297 1082 3349 auctor

346 3395 379 3445 ut
399 3388 508 3464 cupiat,
531 3396 602 3447 voto
623 3388 738 3464 turpior
758 3388 822 3465 ipse
843 3389 918 3446 suo?

306 3483 366 3543 iam
387 3485 516 3542 subeunt
536 3485 642 3555 morbi,
664 3485 795 3542 subeunt
816 3483 987 3542 discrimina
1007 3482 1089 3541 mille
1096 3501 1105 3556 ;

347 3583 406 3641 iam
428 3582 531 3641 dulces
552 3582 659 3658 epulae
681 3581 870 3658 deliciaeque
890 3589 1011 3639 nocent.

307 3679 440 3756 cogimur
459 3698 478 3738 a
498 3680 588 3757 gratis
607 3679 741 3738 animum
762 3680 947 3755 suspendere
966 3679 1064 3749 rebuS,

347 3786 439 3855 atque
460 3786 493 3836 ut
514 3778 656 3848 vivamus,
678 3777 778 3835 vivere
798 3777 1011 3835 desinimus..
1066 3777 1075 3786 '
