2752 4284
210 333 260 387 104
318 328 322 338 '
649 332 727 381 DEA

286 508 366 568 lutea
386 527 455 568 cum
475 509 605 586 primum
625 528 748 587 surgens
768 509 888 570 Aurora
906 511 1044 582 rubescit,

327 625 396 665 cum
416 608 546 684 primum
567 626 654 668 rosea
674 609 774 668 sidera
794 608 861 668 luce
882 609 972 686 fugat.

753 703 837 765 Lacr.
858 706 893 765 de
911 705 1019 766 Phoen.
1041 705 1126 783 35·6.

287 827 379 896 atque
399 820 451 878 ubi
471 821 517 880 sol
537 821 651 898 pepulit
671 821 809 899 fulgentis
829 821 935 880 limina
953 829 1059 899 portae

327 926 357 977 et
376 918 464 995 primi
485 919 606 978 emicuit
624 919 743 978 luminis
764 937 838 979 aura
857 919 938 979 levis.

969 1035 1016 1093 Id·
1036 1052 1136 1127 43·4·,

286 1148 412 1226 hospitis
434 1148 550 1216 Oceani
570 1167 713 1226 spumosa
733 1149 844 1209 cubilia
863 1149 971 1227 linquit

326 1247 477 1317 Phoebus,
499 1255 530 1306 et
550 1248 690 1307 ardentes
710 1247 742 1305 in
761 1248 830 1325 iuga
850 1249 929 1326 cogit
948 1266 1057 1325 equos:

286 1346 357 1406 sidit
376 1345 534 1404 Atlanteas
556 1346 673 1405 Phoebi
692 1365 836 1422 germana
856 1347 911 1405 sub
932 1347 1039 1418 undae,

326 1443 501 1502 obtundunt
521 1443 616 1502 aciem
637 1443 736 1503 sidera
756 1443 835 1503 victa
855 1463 950 1515 suam,

287 1547 393 1618 terque
414 1541 499 1599 dedit
520 1541 594 1600 lucis
614 1540 731 1619 signum
752 1542 870 1600 cristata
890 1541 1032 1618 volucris;

327 1647 361 1701 tu
380 1646 483 1698 tamen
503 1639 626 1699 assiduo
639 1656 743 1716 pressa
762 1638 878 1715 sopore
891 1639 981 1698 iaces.

712 1745 760 1820 Jo.
783 1744 843 1803 Sec.
865 1745 947 1822 Eleg.
971 1761 1019 1805 20.
1041 1743 1127 1821 53·8.

367 1861 441 1939 (just
460 1861 575 1936 before)
601 1859 655 1920 Oa.
676 1858 750 1918 Her.
775 1876 820 1937 19.
845 1858 946 1937 195-6.

368 1958 474 2034 (early)
500 1957 553 2016 Ov.
575 1957 647 2016 Her.
672 1973 717 2017 10.
739 1970 822 2034 7-10‚
848 1974 893 2031 14.
915 1973 998 2017 21·2.

367 2055 451 2131 (slow
470 2063 503 2113 to
523 2055 624 2130 come)
644 2055 737 2113 Mart.
758 2054 787 2116 8.
809 2071 857 2116 21.

206 2170 433 2232 omnm-Tib.
454 2185 481 2244 3.
498 2185 525 2230 2.
540 2185 623 2246 9-10,
639 2185 667 2244 3.
682 2185 766 2246 9-10,
782 2168 873 2246 37-83
887 2168 975 2247 Prop.
990 2185 1018 2229 2.
1036 2186 1061 2229 1.
1079 2182 1168 2245 71·2;

372 2268 426 2328 Ou
449 2266 517 2326 Am.
539 2283 566 2342 3.
582 2283 611 2344 9.
626 2280 734 2344 47=54;
749 2268 833 2344 Epic.
848 2268 937 2326 Dms.
950 2266 1059 2345 89-98;
1081 2266 1164 2325 Tn'st.

368 2384 397 2441 4·
419 2381 446 2441 s·
470 2363 573 2442 39-46.

369 2463 553 2534 (inevitable)
584 2462 672 2539 Prop.
693 2479 721 2522 2.
744 2462 791 2523 28.
813 2461 917 2538 47-58,
940 2478 968 2538 3.
993 2461 1165 2539 18.17-28;

373 2561 427 2620 Ov·
457 2559 525 2619 Am·
554 2576 582 2635 3·
611 2576 639 2637 9·
666 2576 776 2636 33·40;
798 2559 880 2636 apa.
901 2560 991 2618 Drus·
1014 2557 1164 2636 357·362;

368 2660 461 2717 Mart.
483 2676 512 2733 4.
534 2673 582 2734 54,
604 2655 662 2733 60;
684 2658 756 2716 Aur.
777 2658 865 2735 Epz'g.
887 2671 935 2734 35.

288 2756 434 2834 irreligata
454 2757 523 2816 ratis
544 2773 701 2832 nunquam
722 2756 841 2815 defessa
861 2755 1010 2815 Charonis

327 2853 350 2912 it
369 2853 448 2912 redit
467 2853 499 2910 in
520 2861 619 2912 vastos
640 2871 760 2930 semper
779 2860 888 2911 onusta
907 2853 999 2913 lacus.

287 2951 338 3011 illa
357 2951 435 3029 rapit
455 2952 577 3010 iuvenes
597 2951 693 3027 prima
713 2951 840 3010 florente
860 2951 996 3025 iuventa;

325 3067 390 3108 non
410 3049 505 3108 oblita
524 3055 627 3106 tamen
647 3066 714 3107 sero
735 3048 870 3125 petitque
890 3065 987 3107 senes.

499 3146 609 3203 Incerti
625 3144 708 3224 Eleg.
729 3146 760 3203 in
782 3144 994 3204 Maecenatem
1019 3161 1044 3206 1.
1066 3143 1129 3221 5·8.

287 3260 379 3320 parce
399 3250 491 3311 tuam,
513 3241 633 3312 coniux,
654 3242 728 3300 fletu
748 3259 890 3318 quassare
911 3241 1064 3301 iuventam

328 3339 451 3415 fataque
471 3340 638 3398 maerendo
659 3339 816 3398 sollicitare
835 3357 915 3398 mea.

287 3437 331 3496 nil
350 3444 476 3514 prosunt
497 3437 636 3496 lacrimae
656 3455 714 3496 nec
734 3444 861 3513 possunt
881 3437 943 3495 fata
963 3437 1077 3496 moveri
1083 3456 1091 3511 3
1131 3490 1134 3497 .

328 3534 462 3605 viximus,
484 3534 533 3593 hic
554 3553 659 3594 omnes
680 3535 776 3593 exitus
796 3552 874 3593 unus
894 3534 996 3593 habet.

530 3631 653 3689 Atz'meti
670 3631 866 3708 Epitaphium
887 3631 933 3691 Cl.
955 3631 1169 3692 Homonoeae.

713 3729 803 3804 (First
823 3737 949 3806 century
969 3745 1001 3789 Δ.
1022 3730 1090 3807 rai)
