2752 4284
643 342 730 389 WAT
1128 329 1161 393 83

283 527 377 598 atque
397 520 516 578 hostem
524 519 581 578 sibi
590 518 718 596 quisque
728 525 814 594 parat
825 535 894 576 cum
904 517 984 575 bella
995 516 1162 594 quiescunt.

834 614 945 672 Manil.
967 631 996 687 4.
1019 610 1122 673 220·6.

364 714 457 794 (civil)
478 715 549 773 Luc.
576 732 600 772 1.
626 728 686 789 1-7,
709 727 736 789 7.
762 729 903 787 114-123,
926 712 1070 788 387-420,
1090 725 1163 788 545-

404 813 483 889 5563
511 812 612 872 Claud.
634 811 695 869 III
715 810 797 870 Cons.
819 811 900 868 Hon.
922 809 1006 884 (ag-‘4

281 931 354 989 ergo
376 920 459 970 tanta
480 913 544 970 lues
565 911 667 969 divum
690 928 813 987 quoque
833 909 960 967 numina
979 907 1050 966 vicit

189 1074 191 1078 ³
279 1010 494 1086 consensitque
515 1010 603 1086 fugae
624 1009 700 1067 caeli
721 1008 818 1066 timor.
840 1025 912 1066 ecce
932 1025 986 1082 per
1007 1006 1112 1064 orbem

282 1108 362 1166 mitis
383 1108 470 1165 turba
492 1108 583 1165 deum
605 1114 697 1165 terras
718 1123 811 1164 exosa
831 1105 962 1163 furentes

281 1205 394 1264 deserit
414 1214 505 1282 atque
526 1204 684 1262 hominum
699 1205 876 1262 damnatum
891 1202 1032 1261 avertitur
1045 1219 1164 1279 agmen.

284 1303 348 1361 Pax
367 1304 464 1379 prima
485 1310 556 1361 ante
577 1302 649 1360 alias
670 1302 775 1360 niveos
795 1301 914 1377 pulsata
935 1301 1061 1359 lacertos

235 1470 241 1479 ν
281 1401 445 1459 abscondit
464 1401 551 1476 galea
571 1400 682 1457 victum
704 1407 795 1474 caput
815 1406 907 1475 atque
928 1398 1032 1456 relicto

281 1499 357 1557 orbe
378 1498 470 1574 fugax
490 1498 570 1556 Ditis
590 1497 666 1573 petit
685 1496 875 1572 implacabile
895 1514 1029 1572 regnum.

283 1596 354 1654 huic
375 1613 477 1654 comes
498 1596 522 1653 it
541 1595 688 1654 submissa
709 1595 800 1653 Fides
821 1602 851 1652 et
872 1594 954 1652 crine
974 1594 1073 1651 soluto

283 1693 402 1752 Iustitia
422 1712 459 1751 ac
479 1711 617 1752 maerens
635 1693 735 1751 lacera
756 1691 930 1752 Concordia
950 1692 1039 1767 palla.

285 1799 318 1849 at
338 1799 451 1861 contra,
473 1792 561 1849 sedes
583 1790 673 1849 Erebi
695 1808 756 1867 qua
776 1797 864 1866 rupta
884 1789 1020 1859 dehiscit,

283 1889 410 1965 emergit
431 1888 490 1947 late
511 1888 590 1947 Ditis
611 1888 730 1960 chorus,
752 1888 874 1946 horrida
895 1887 1025 1962 Erinnys

285 1994 316 2044 et
337 1986 465 2045 Bellona
485 1987 589 2045 minax
610 1986 787 2063 facibusque
808 1992 923 2044 armata
943 1984 1087 2061 Megaera

286 2083 457 2160 Letumque
478 2084 673 2161 Insidiaeque
694 2093 724 2143 et
743 2084 840 2142 lurida
861 2082 968 2141 Mortis
990 2082 1098 2158 imago.

283 2201 361 2259 quas
383 2183 460 2240 inter
480 2183 582 2252 Furor,
604 2181 738 2258 abruptis
760 2200 817 2240 ceu
836 2181 910 2239 liber
930 2180 1065 2249 habenis,

199 2301 200 2304 ¹
285 2280 483 2357 sanguineum
504 2280 562 2339 late
582 2280 660 2338 tollit
680 2286 771 2356 caput
792 2297 906 2356 oraque
926 2278 1007 2336 mille

283 2378 456 2437 vulneribus
477 2378 617 2436 confossa
638 2385 762 2436 cruenta
782 2377 900 2435 casside
920 2375 1006 2434 velat.

284 2476 390 2535 haeret
411 2476 535 2534 detritus
556 2476 642 2534 laeva
663 2475 831 2534 Mavortius
852 2475 945 2533 umbo

284 2574 553 2632 innumerabilibus
574 2574 638 2632 telis
658 2574 763 2650 gravis,
786 2581 878 2650 atque
898 2571 1035 2649 flagranti

285 2671 386 2746 stipite
407 2672 514 2729 dextra
533 2671 637 2729 minax
657 2671 741 2729 terris
761 2669 904 2744 incendia
924 2676 1032 2746 portat.

826 2767 942 2824 Patron.
965 2785 1032 2843 cap.
1060 2780 1128 2838 124.

203 2866 454 2941 warna—(uses
475 2865 522 2941 oi)

285 2982 407 3022 cernere
427 2964 483 3022 sub
504 2963 587 3022 terris
608 2965 715 3034 undas,
737 2963 882 3022 inducere
902 2962 997 3036 terris,

285 3063 413 3138 ipsaque
433 3061 584 3120 conversis
604 3063 783 3138 adspergere
803 3061 943 3119 fluctibus
964 3069 1052 3132 astra,

285 3160 480 3237 litoribusque
501 3160 587 3217 novis
607 3177 662 3236 per
682 3161 782 3217 luxum
805 3159 928 3217 illudere
949 3167 1054 3234 ponto,

285 3267 315 3316 et
335 3275 430 3316 vanos
451 3257 596 3315 fabricare
616 3257 699 3315 lacus
721 3265 751 3315 et
771 3257 902 3314 flumina.
916 3258 995 3326 ficta,

286 3363 316 3413 et
336 3355 560 3432 peregrinantes
581 3354 722 3413 domibus
743 3356 928 3430 suspendere
949 3355 1036 3413 rivos

835 3451 948 3509 Mam'l.
970 3470 1000 3526 4.
1023 3449 1127 3527 261·5.

367 3549 492 3629 (poured
515 3549 577 3628 out)
606 3551 684 3628 Verg.
705 3551 778 3608 Aen.
801 3549 829 3608 8.
852 3564 935 3625 22·5.

203 3649 514 3709 warennam—Oa.
536 3647 608 3707 Met.
634 3667 658 3708 1.
680 3647 824 3726 pto-573.

206 3749 532 3808 marsuan-Luc.
560 3763 587 3806 2.
616 3763 725 3822 403-4;
752 3745 855 3805 Claud.
877 3745 914 3803 B.
939 3741 1002 3802 Get.
1024 3758 1168 3822 329·337.
