2752 4284
681 334 769 384 WOO

317 532 398 584 nam,
420 513 477 572 nisi
498 513 616 572 delictis
637 513 739 572 faciles
760 513 946 572 traheremur
966 519 1077 586 earum,

317 611 400 670 haud
422 612 487 670 illas
508 612 586 670 vitiis
607 611 750 670 vellemus
771 611 869 671 vivere
890 613 1015 688 nostris;

316 728 373 768 nec
393 709 503 786 rigidas
523 728 597 768 auro
618 717 715 767 vestes
736 727 793 767 nec
814 709 924 768 vellera
943 709 1049 768 Serum

316 826 374 866 nec
394 807 518 884 lapides,
540 815 606 866 toto
629 825 706 884 quos
728 806 784 865 fert
804 815 953 867 mercator
968 809 1012 892 *ab
1034 808 1114 879 orbe,

316 907 478 964 fundorum
499 905 600 982 pretiis
622 912 766 975 emerent,
787 905 915 982 suspiria
934 913 1058 964 maesta.
1146 961 1150 967 .

315 1004 463 1081 iungimus
485 1012 516 1062 at
536 1021 639 1073 vanas,
663 1020 727 1060 non
748 1010 793 1061 est
813 1003 914 1078 pudor
934 1004 1057 1074 addere,
1080 1021 1174 1074 curas,

314 1101 340 1160 si
359 1101 455 1179 gravis
477 1101 584 1177 ignotis
606 1100 752 1178 processit
773 1099 884 1159 Lesbia
904 1102 1029 1178 gemmis

315 1207 346 1258 et
366 1199 467 1281 decies
488 1198 614 1258 Passina
637 1217 719 1257 novo
739 1199 867 1258 radiavit
887 1199 919 1256 in
940 1206 1036 1274 ostro;

315 1297 473 1356 confestim
494 1305 634 1355 omatum
645 1297 702 1355 sibi
714 1314 854 1373 quaeque
874 1297 1010 1372 exposcit
1029 1299 1171 1357 eundem.

316 1413 386 1472 ergo
408 1396 492 1471 quod
513 1395 601 1454 variis
622 1396 765 1453 studeant
785 1412 939 1453 occurrere
960 1395 1062 1453 formis

314 1501 406 1571 atque
426 1493 494 1552 viris
514 1493 589 1552 alios
610 1493 745 1570 aliosque
766 1510 922 1569 opponere
942 1493 1049 1564 vultus,

315 1610 419 1650 nonne
438 1591 516 1651 haec
537 1592 627 1667 culpa
647 1591 701 1650 viri
722 1591 788 1650 est?

402 1688 444 1748 Cl.
465 1687 568 1747 Marii·
590 1688 707 1746 Victon‘s
726 1688 821 1765 Epist.
843 1689 883 1747 ad
895 1688 1068 1750 Salmonem
1090 1685 1194 1764 48-65.

903 1785 991 1861 (Late
1012 1785 1155 1861 Empire).

395 1883 467 1962 (old)
495 1885 572 1960 Verg.
593 1883 666 1941 Aen.
690 1898 716 1958 7.
738 1880 843 1960 416·9.

398 1981 546 2057 (learned)
568 1981 633 2039 Iuv.
655 1980 683 2039 ὁ.
706 1978 851 2056 434-456.
1077 2033 1081 2040 .

396 2079 584 2156 (gorgeously
615 2079 751 2153 dressed)
779 2078 850 2135 Luc.
875 2094 919 2137 10.
952 2092 1101 2155 137·143;
1127 2079 1193 2136 qu.

437 2176 465 2235 ὁ.
487 2174 632 2252 457·460·
1285 2176 1288 2181 ’

399 2275 569 2350 (fickleness
590 2273 637 2349 of)
664 2272 746 2349 Calp.
768 2270 826 2331 Sic.
849 2288 877 2348 3.
902 2290 982 2332 10-2.

238 2388 527 2434 wooncumruG.-
538 2373 614 2449 Verg.
631 2371 733 2448 Georg.
747 2386 774 2429 2.
784 2369 1043 2447 207·210;Aen.6.
1055 2370 1195 2449 179-182‚

398 2497 442 2539 11.
459 2479 558 2556 135-83
571 2480 642 2538 Luc.
656 2496 683 2554 3.
695 2476 847 2554 426·445;
867 2478 927 2537 Val.
945 2478 1040 2536 Flacc.
1051 2494 1080 2554 3.
1091 2477 1194 2555 565-7.

496 2579 555 2636 ruit
575 2597 647 2638 ecce
667 2596 774 2637 nemus
794 2578 947 2654 saltusque
968 2578 1075 2636 vetusti

311 2678 514 2755 procumbunt
533 2678 691 2753 solemque
704 2695 826 2746 novum,
842 2694 923 2735 nova
936 2675 1035 2734 sidera
1049 2682 1193 2750 cemunt;

312 2775 432 2852 pellitur
452 2793 544 2834 omne
565 2776 632 2834 loco
654 2776 806 2833 volucrum
827 2792 922 2851 genus
943 2781 1035 2851 atque
1056 2772 1185 2832 ferarum

313 2874 514 2950 antiquasque
535 2874 644 2931 domos
665 2879 696 2931 et
716 2880 789 2931 nota
810 2872 921 2931 cubilia
941 2872 1090 2949 linquunt.

863 2966 974 3026 Manz'l.
1000 2984 1027 3027 2.
1050 2969 1153 3044 760·3.

231 3068 566 3128 morilucrum—On.
587 3066 660 3127 Met.
683 3085 728 3143 14,
750 3064 894 3144 388·396.

231 3179 333 3225 woon.

596 3261 703 3341 (dabit)
724 3263 803 3322 mille
824 3282 878 3339 per
899 3271 977 3321 artes

313 3360 421 3418 vellera
442 3361 575 3419 diversos
596 3379 634 3419 ex
655 3379 688 3418 se
708 3360 857 3437 parientia
878 3366 1036 3436 quaestus:

313 3475 394 3516 nunc
418 3459 583 3534 glomerare
604 3458 703 3528 rudes,
733 3452 933 3515 nunc'rursus
962 3455 1078 3515 solvere
1100 3456 1193 3526 lanas

312 3573 394 3613 nunc
414 3564 539 3614 tenuare
560 3556 617 3613 levi
638 3556 697 3626 filo,
719 3574 800 3614 nunc
822 3546 932 3613 ducere
952 3554 1020 3623 tela,

311 3671 394 3710 nunc
415 3671 515 3712 emere
536 3662 565 3713 et
586 3654 682 3712 varias
703 3653 735 3710 in
757 3660 915 3730 quaestum
936 3651 1069 3710 vendere
1086 3658 1194 3711 vestes

825 3748 935 3808 Manil.
956 3765 986 3822 4.
1012 3747 1154 3823 128·132.
