2752 4284
583 347 780 397 HIL-HOP

208 546 398 610 urrrocu.—
408 528 510 588 Claud.
532 527 607 604 Idyl.
629 524 657 588 6.
682 543 762 586 11·2.

210 642 312 686 nonu.

285 726 340 785 sub
363 743 423 801 qua
444 723 589 783 decubuit
608 722 810 800 requiescens
833 722 927 799 diligit
947 722 1084 780 umbram

325 831 434 891 taurus,
457 829 487 880 et
507 820 648 879 amissum
674 820 790 897 quaerit
811 819 888 878 ovile
908 837 1016 896 pecus3

286 920 403 979 dulcius
423 919 455 976 in
475 918 569 977 solitis
591 926 693 976 cantat
712 916 877 994 philomela
897 917 1017 987 rubetis

324 1019 418 1094 fitque
439 1035 525 1075 suum
546 1017 659 1075 rabidis
680 1016 770 1073 dulce
791 1015 887 1074 cubile
908 1014 986 1074 feris,

286 1120 319 1171 tu
338 1122 455 1172 tantum
476 1114 556 1171 bene
576 1121 650 1172 nota
670 1112 725 1170 tibi
745 1119 838 1188 atque
859 1120 982 1188 experta
1003 1112 1145 1190 relinquis

325 1211 457 1288 hospitia
477 1220 508 1269 et
527 1211 628 1287 potius
648 1227 712 1268 non
732 1209 891 1269 manifesta
911 1210 998 1286 petis.

765 1364 768 1368 ,
820 1307 952 1364 Maxim.
976 1323 1003 1366 2.
1024 1320 1125 1384 45-50.

365 1406 509 1481 (absence
529 1405 617 1480 from)
891 1390 899 1406 '

286 1521 405 1563 securos
427 1504 519 1561 levius
540 1504 654 1561 crimen
675 1510 869 1560 contemnere
890 1501 984 1575 cives3

326 1600 472 1678 privatam
492 1607 633 1676 repetunt
652 1599 775 1676 publica
797 1598 910 1657 damna
931 1598 1032 1656 fidem.

286 1706 458 1775 praesentes
481 1697 618 1756 lacrimas
638 1696 723 1754 tectis
745 1696 892 1753 debemus
913 1694 1011 1770 avitis;

285 1847 288 1852 .
327 1797 451 1872 prodest
471 1795 644 1854 admonitus
665 1812 757 1870 saepe
778 1794 884 1852 dolore
904 1794 998 1852 labor.

286 1913 343 1952 nec
363 1895 412 1953 fas.
430 1894 550 1952 ulterius
570 1895 675 1970 longas
696 1892 811 1950 nescire
831 1892 932 1949 ruinas

329 2011 404 2069 quas
425 2011 511 2050 mora
530 2010 695 2068 suspensae
714 1989 921 2066 multiplicavit
942 1989 1018 2066 opis.

287 2089 347 2148 iam
369 2098 487 2166 tempus
509 2090 613 2148 laceris
633 2097 703 2166 post
722 2090 812 2166 longa
833 2088 975 2147 incendia
995 2088 1096 2146 fundis

325 2189 373 2246 vel
393 2189 558 2265 pastorales
577 2188 738 2246 aedificare
759 2205 852 2245 casas

287 2285 344 2362 ipsi
366 2287 438 2362 quin
459 2286 550 2344 etiam
571 2287 670 2344 fontes
692 2286 716 2343 si
737 2285 855 2342 mittere
875 2302 982 2342 vocem

325 2384 452 2460 ipsaque
472 2384 497 2442 si
518 2392 642 2459 possent
662 2384 769 2441 arbuta
789 2390 892 2440 nostra
912 2382 1004 2457 loqui,

286 2490 454 2540 cessantem
475 2482 558 2565 iustis
578 2488 719 2558 poterant
739 2498 843 2557 urgere
864 2479 992 2555 querelis

325 2587 356 2637 et
376 2579 532 2637 desideriis
552 2579 680 2636 reddere
701 2578 767 2636 vela
787 2578 870 2635 meis.

762 2672 857 2731 Rulz'l.
878 2673 949 2731 Ilz'n.
975 2690 999 2733 1.
1023 2689 1125 2749 23-34.

366 2772 465 2849 (Gods
487 2773 531 2848 ol)
557 2772 617 2830 Tib.
643 2789 668 2832 1.
694 2788 738 2831 10.
764 2770 840 2847 15-8.

206 2869 482 2929 nomnen-022.
518 2870 600 2927 Tn'st.
630 2886 657 2944 3.
687 2886 714 2928 2.
747 2883 842 2943 17·22,
868 2885 896 2941 4.
919 2868 1003 2944 53·8,
1025 2868 1053 2928 8.
1078 2886 1165 2944 1·10;

366 2967 453 3026 Pont.
479 2985 503 3027 1.
526 2984 554 3042 3.
577 2981 679 3043 25·44,
703 2967 730 3026 8.
754 2964 857 3042 27-48,
881 2963 1105 3041 3.5.48-56‚4.
1120 2983 1166 3026 10.

370 3066 471 3125 18-20.

207 3164 406 3223 noun-Tib.
437 3180 464 3222 2.
493 3162 521 3223 6.
547 3162 654 3240 19-28;
681 3163 734 3222 Ou.
753 3162 836 3243 Trrtt.
859 3176 886 3219 2.
912 3159 992 3236 15-8‚
1018 3174 1165 3238 141·154;

366 3261 453 3319 Pont.
479 3279 503 3322 1.
526 3263 554 3321 b.
578 3276 681 3336 27-42.

287 3379 355 3437 spes
369 3361 468 3431 fallax,
484 3379 552 3436 spes
567 3361 657 3418 dulce
668 3359 790 3429 malum,
802 3375 871 3434 spes
882 3375 999 3416 summa
1009 3358 1165 3428 malorum,

329 3460 465 3517 solamen
485 3458 599 3516 miseris
622 3474 698 3533 quos
719 3474 773 3515 sua
794 3456 855 3513 fata
877 3454 1008 3512 trahunt.

287 3556 410 3615 credula
430 3574 485 3627 res
508 3574 599 3632 quam
621 3556 701 3612 nulla
721 3562 822 3630 potest
841 3554 962 3610 fortuna
982 3552 1092 3630 fugare,

327 3671 396 3729 spes
417 3661 476 3712 stat
496 3653 527 3710 in
548 3652 688 3710 extremis
709 3651 844 3710 officiosa
864 3650 959 3708 malls.
1051 3645 1056 3651 ’

287 3769 356 3827 spes
377 3759 457 3810 vetat
478 3759 601 3809 aeterno
622 3750 724 3808 mortis
746 3749 933 3825 requiescere
953 3755 1043 3824 portu
