2752 4284
569 363 791 413 wrr-Worr
1128 352 1164 414 87

285 543 417 603 Niliacas
437 543 604 602 iaculantur
624 560 727 619 aquas
747 543 822 600 mihi
841 549 952 618 pontus
974 541 1084 599 inertes

284 643 429 702 submittit
448 642 566 713 fluctus,
586 642 772 719 zephyrique
793 642 924 700 tacentia
944 647 1063 716 ponunt

285 750 355 799 ante
375 723 460 799 meos
481 758 535 798 sua
555 740 650 799 flabra
670 741 774 816 pedes
795 739 870 797 mihi
890 725 1016 796 flumina
1035 743 1144 813 parent

285 838 511 915 Hyrcanaeque
531 839 619 915 tigres
640 846 670 896 et
690 837 762 896 iussi
781 845 861 896 stare
882 838 1039 896 dracones.

284 937 358 1013 quid
379 936 491 994 leviora
511 936 639 1013 loquor?
661 936 751 994 lunae
771 935 928 994 descendit
949 923 1049 1010 imago

284 1034 465 1092 carminibus
487 1034 619 1091 deducta
639 1033 722 1103 meta,
744 1034 939 1110 trepidusque
960 1031 1091 1090 furentes

284 1132 404 1190 flectere
425 1130 566 1189 Phoebus
588 1148 683 1207 equos
704 1131 839 1189 revoluto
861 1131 975 1206 cogitur
995 1128 1077 1187 orbe.

284 1236 401 1288 tantum
422 1229 504 1287 dicta
523 1229 633 1286 valent.
655 1236 807 1287 taurorum
828 1227 951 1286 flamma
972 1226 1105 1304 quiescit·

284 1326 422 1404 virgineis
443 1326 590 1385 exstincta
611 1327 701 1384 sacris
711 1344 719 1400 ;
742 1325 897 1384 Phoebeia
918 1325 1004 1384 Circe

285 1423 464 1482 carminibus
484 1423 606 1499 magicis
627 1423 725 1482 socios
745 1423 872 1480 mutavit
893 1423 1004 1496 Ulixis3

286 1521 411 1588 Proteus
440 1538 507 1579 esse
534 1521 618 1591 solet,
640 1521 785 1598 quicquid
805 1521 885 1579 libet.
907 1519 953 1578 his
975 1537 1031 1597 ego
1052 1519 1174 1578 callens.

285 1619 397 1677 artibus
419 1618 530 1676 Idaeos
551 1617 669 1676 frutices
689 1618 721 1674 in
741 1618 853 1694 gurgite
872 1617 958 1694 ponti

286 1724 316 1777 et
336 1734 435 1774 rursus
455 1716 560 1775 fluvios
580 1717 612 1772 in
631 1733 750 1774 summo
770 1715 881 1774 vertice
901 1715 1012 1772 sistam.

826 1812 939 1869 Patron.
962 1830 1027 1888 cap.
1053 1827 1119 1886 134.

205 1911 340 1970 wrrcrr's
375 1910 662 1970 emortuom-Oa.
695 1907 766 1968 Met.
800 1924 827 1986 7.
861 1907 1016 1985 262-274;
1037 1910 1108 1968 Luc.
1131 1907 1160 1968 6.

367 2007 511 2085 670-684.

206 2108 340 2166 wrrcrr's
362 2107 578 2166 sumn-Luc,
600 2108 628 2164 ὁ.
651 2104 795 2183 685-694.

206 2205 555 2281 mrcrrcmrr.-Verg.
576 2203 640 2262 Ecl.
662 2204 689 2263 8.
712 2203 823 2281 69-713
849 2203 904 2262 Ov.
926 2201 998 2262 Met.
1017 2221 1062 2277 14.
1081 2220 1166 2278 43-4‚

368 2301 715 2379 55·8‚365·371‚386·7‚
727 2302 962 2378 403·415;Luc·
974 2300 1002 2359 ὁ·
1014 2317 1167 2377 430·491;

375 2401 435 2459 Val.
452 2400 546 2459 Flacc.
570 2415 597 2477 7.
613 2415 763 2477 355·370;
781 2399 883 2459 Claud.
895 2400 966 2475 Rufi
983 2399 1166 2474 1.146-1()0.

206 2516 347 2560 worn-
356 2497 434 2576 Verg.
449 2498 512 2557 Ecl.
528 2515 556 2576 9.
579 2513 669 2574 54-53
691 2498 766 2557 Aen.
786 2515 813 2556 2.
829 2512 938 2575 355-93
959 2497 1013 2557 On.
1028 2497 1101 2557 Met.
1120 2515 1167 2556 11.

368 2595 522 2672 365·372;
543 2594 618 2654 Stat.
647 2597 731 2654 rtet.
754 2613 782 2670 4.
805 2594 914 2671 362-83
936 2594 1009 2654 Ach.
1031 2613 1058 2654 2.
1081 2611 1166 2670 30-4.

367 2696 476 2771 (round
504 2693 673 2772 sheepfold)
711 2695 789 2771 Verg.
810 2695 883 2752 Aen.
904 2711 932 2771 9.
956 2693 1066 2770 59·64;
1089 2691 1167 2753 Stat.

413 2792 494 2849 Theb.
520 2809 564 2850 10.
587 2792 671 2866 42-8.

366 2888 496 2967 (fleeing)
524 2890 600 2966 Verg.
622 2888 696 2948 Aen.
722 2906 767 2947 11.
790 2889 935 2967 809-813.

366 2986 439 3064 (arrd
460 2987 534 3065 stag)
554 2985 630 3045 Stat.
656 2988 739 3046 rtet.
763 3001 790 3064 5.
817 2987 917 3064 1654).

368 3082 413 3161 (of
431 3083 588 3162 Romulus)
616 3085 692 3162 Verg.
714 3086 786 3144 Aen.
809 3084 837 3143 8.
860 3083 964 3159 630-4.

207 3198 343 3243 woman.

283 3282 337 3339 sed
359 3280 431 3338 levis
452 3288 497 3339 est
517 3288 616 3339 vestra
637 3281 774 3339 vitiorum
795 3282 918 3339 morbus
939 3280 971 3338 iu
992 3281 1066 3339 urbe

285 3378 310 3436 si
331 3396 395 3436 non
416 3378 538 3436 feminei
559 3379 653 3455 magis
675 3396 812 3438 exarsere
833 3379 956 3438 furores.

287 3483 358 3535 ante
380 3476 470 3545 diem,
492 3476 624 3546 Salmon,
646 3476 777 3534 tenebris
798 3495 860 3534 nox
881 3477 986 3535 umida
1006 3478 1120 3536 condet

287 3592 379 3651 quam
399 3575 514 3651 possim
535 3574 623 3633 huius
644 3593 744 3633 mores
764 3593 935 3650 percurrere
957 3576 1070 3646 turbae,

288 3690 375 3748 quae,
398 3691 466 3730 cum
488 3672 552 3749 lege
573 3673 633 3730 Dei
654 3673 758 3731 vivant
778 3673 834 3731 sub
856 3673 920 3750 lege
941 3673 1084 3744 virorum,

288 3788 344 3846 pro
353 3772 461 3847 pudor,
473 3770 557 3829 haud
568 3789 702 3847 unquam
714 3772 778 3830 sine
786 3778 889 3829 nostro
898 3771 1168 3849 criminepeccant.
