2752 4284
226 302 260 354 50
605 295 813 344 Lov-Lux

385 473 493 549 (lovers
513 474 658 551 meeting)
686 473 747 531 Val.
768 472 862 532 Flacc.
885 487 912 549 7.
935 473 1079 550 396·412.

225 570 455 649 covus-(the)
494 571 595 631 Claud.
625 569 720 648 Nupt.
751 571 832 629 Hau.
863 568 944 630 Mar.
972 573 1185 650 72-7;Eplll1.

388 669 467 742 10-6,
496 684 594 746 110-5.

224 783 347 827 mVING
367 783 473 837 cumr
486 767 563 844 Verg.
584 765 656 824 Aen.
682 783 706 824 1.
728 764 872 842 736-740.

225 882 419 924 muncru-
428 866 529 926 Claud.
552 865 647 922 Laud.
669 862 735 922 Stil.
759 880 785 922 2.
808 863 911 940 38·55.

224 979 436 1022 circumra-
446 963 548 1023 Claud.
569 963 666 1020 Laud.
688 959 748 1020 Ser.
775 976 874 1038 153-7.

225 1061 496 1138 LUXURY.-Verg.
521 1062 622 1138 Georg.
645 1078 671 1120 2.
685 1059 806 1136 '461'-6;
829 1059 900 1120 Aeu.
922 1077 951 1138 9.
966 1059 1080 1136 614·6;
1095 1061 1186 1121 Culex

386 1158 477 1236 61·7;
501 1160 572 1217 luc.
598 1176 622 1216 1.
641 1157 790 1235 160-1703
806 1155 881 1217 Stat.
897 1159 979 1218 Ilub.
994 1176 1019 1218 1.
1035 1175 1183 1236 144-1503

392 1256 494 1316 Claud.
516 1256 612 1314 Laud.
634 1255 699 1315 Su'l.
724 1274 750 1316 2.
776 1273 877 1334 131-9.

306 1355 383 1414 haec
403 1355 452 1412 illa
473 1363 519 1414 est
540 1355 665 1413 Pharios
687 1374 765 1432 quae
786 1356 870 1433 fregit
890 1355 983 1414 noxia
1002 1374 1095 1433 reges,

305 1456 378 1512 dum
400 1461 519 1513 servata
540 1453 621 1512 cavis
642 1462 750 1530 potant
771 1453 937 1523 Mareotica
956 1455 1081 1531 gemmis

305 1552 551 1627 nardifemmque
571 1559 689 1610 metunt
710 1551 847 1628 Gangem
858 1550 997 1628 vitiisque
1005 1552 1183 1611 ministrant.

304 1649 347 1707 sic
368 1656 398 1707 et
419 1648 628 1707 Achaemenio
650 1648 792 1719 cecidisti,
815 1648 921 1726 Lydia,
944 1649 1033 1726 Cyr0,

239 1756 243 1762 '
304 1747 389 1824 atqui
409 1747 493 1806 dives
516 1766 590 1818 eras,
612 1747 780 1805 fluvialibus
801 1766 891 1805 aurea
912 1747 1005 1806 venis
1103 1791 1105 1795 ,

304 1845 417 1904 scilicet
436 1846 476 1903 ad
498 1863 646 1903 summam
666 1863 707 1903 ne
727 1845 801 1920 quid
821 1847 945 1903 resta'ret
964 1845 1150 1914 habendum,

305 1952 338 2002 tu
358 1961 489 2020 quoque,
512 1942 645 2001 luxuriae
666 1944 749 2000 fictas
772 1943 844 1999 dum
865 1943 977 2020 colligis
998 1951 1075 2001 artes

305 2050 336 2101 et
357 2030 490 2117 sequeris
511 2041 637 2099 demens
659 2041 795 2111 alienam,
818 2039 954 2111 Graecia,
977 2041 1104 2117 culpam,

304 2158 323 2198 ο
345 2146 491 2217 quantum
514 2146 544 2198 et
567 2139 684 2215 quoties
706 2138 823 2197 decoris
844 2139 981 2198 frustrata
1001 2140 1127 2216 paterni.

670 2235 752 2294 Gral.
773 2235 881 2315 Eulisc.
901 2236 978 2312 Cyn.
1001 2252 1144 2312 312·320.

385 2334 432 2407 (of
450 2333 560 2409 Rome)

304 2433 408 2492 orbem
430 2431 491 2490 iam
513 2439 610 2491 totum
631 2432 727 2490 victor
748 2431 903 2490 Romanus
923 2428 1065 2501 habebat,
1140 2446 1144 2450 ’

304 2549 365 2608 qua
385 2549 476 2602 mare,
500 2549 560 2607 qua
580 2538 684 2600 terrae,
707 2548 769 2606 qua
789 2529 871 2588 sidus
891 2529 981 2588 currit
1001 2537 1168 2606 utrumque,

303 2646 361 2687 nec
381 2620 513 2688 satiatus'
526 2636 600 2688 erat.
621 2629 750 2706 gravidis
771 2628 846 2687 freta
866 2629 950 2705 pulsa
971 2628 1078 2686 carinis

303 2727 363 2785 iam
383 2727 621 2804 peragebantur:
644 2727 668 2785 si
690 2727 757 2804 quis
779 2726 860 2786 sinus
881 2727 1001 2786 abditus
1021 2726 1104 2796 ultra,

304 2825 328 2883 si
350 2843 410 2902 qua
431 2826 508 2884 foret
528 2826 624 2894 tellus,
647 2843 726 2901 quae
747 2825 860 2882 fulvum
881 2825 1011 2884 mitteret
1031 2843 1144 2894 aurum,

303 2923 398 2982 hostis
420 2931 484 2982 erat
491 2943 499 2998 ;
521 2923 652 3000 latisque
673 2923 706 2980 in
725 2923 822 2982 tristia
841 2924 922 2982 bella
935 2922 1053 3000 'paratis

305 3021 528 3097 quaerebantur
549 3040 632 3098 opes.
654 3039 718 3079 non
740 3021 828 3098 vulgo
853 3030 926 3080 nota
945 3021 1129 3099 placebant·

304 3119 423 3196 gaudia,
447 3137 510 3177 non
531 3137 588 3177 usu
607 3118 728 3196 plebeio
750 3118 820 3178 trita
839 3120 986 3196 voluptas.

305 3235 356 3276 aes
378 3216 601 3293 Ephyreiacum
622 3217 768 3276 laudabat
788 3218 873 3277 miles
893 3217 925 3275 in
945 3217 1048 3291 unda;

305 3314 457 3391 quaesitus
478 3315 580 3374 tellure
601 3315 682 3374 nitor
701 3323 866 3374 certaverat
886 3322 966 3374 ostro
977 3334 985 3390 ;

305 3413 377 3470 hinc
399 3412 553 3472 Numidae
574 3422 696 3485 crustas,
718 3414 799 3472 illinc
820 3431 900 3472 nova
920 3413 1031 3471 vellera
1051 3411 1145 3482 Seres,

305 3517 397 3588 atque
418 3509 553 3569 Arabum
573 3513 704 3589 populus
725 3530 779 3570 sua
800 3510 1022 3587 despoliaverat
1040 3528 1119 3568 arva.

306 3627 377 3668 ecce
398 3610 475 3669 aliae
496 3612 599 3670 clades
621 3619 651 3670 et
672 3613 771 3670 laesae
793 3610 914 3668 vulnera
933 3609 1026 3685 pacis.

306 3707 458 3784 quaeritur
478 3709 509 3766 in
530 3709 609 3769 silvis
630 3729 703 3769 auro
724 3710 795 3779 fera,
820 3717 850 3768 et
870 3709 990 3767 ultimus
1011 3707 1169 3766 Hammon
