2752 4284
575 335 770 384 ELY-ETE

712 521 745 571 tu
765 531 895 589 quoque,
918 512 995 584 Piso,

273 613 379 672 iudicis
399 612 551 672 adfectum
570 628 768 688 possessaque
787 617 911 687 pectora
931 609 1016 670 ducis

273 710 376 770 victor.
397 717 505 787 sponte
524 717 576 768 tua
595 709 728 784 sequitur
747 726 932 784 quocunque
952 708 1086 781 vocasti3

273 809 334 879 flet,
355 808 381 867 si
400 808 472 867 flere
491 807 585 876 iuben
604 806 716 882 gaudet
734 806 867 882 gaudere
887 813 1017 876 coactus,

236 936 240 942 ·
274 913 305 965 et
320 913 350 964 te
369 907 462 964 dante
482 903 563 980 capit
581 903 680 973 iudex,
703 921 794 979 quam
814 903 993 973 nonhabet,
1009 903 1152 961 iram...

273 1021 346 1062 nam
366 1009 408 1072 tu,
428 1002 490 1060 sive
510 1001 582 1059 libet
601 1000 711 1077 pariter
731 1017 800 1058 cum
819 1001 967 1077 grandine
987 1000 1115 1058 nimbos

274 1101 430 1176 densaque
449 1098 565 1157 vibrata
585 1089 715 1157 iaculari
727 1097 853 1156 fulmina
876 1098 986 1174 lingua,

274 1215 327 1257 seu
347 1197 428 1255 iuvat
447 1195 603 1255 adstrictas
623 1194 655 1253 in
675 1196 791 1253 nodum
811 1212 918 1272 cogere
938 1212 1027 1254 voces

274 1302 305 1354 et
326 1295 398 1353 dare
418 1293 517 1352 subtili
537 1292 653 1351 vivacia
672 1293 764 1351 verba
784 1299 919 1362 catenae,

279 1391 339 1449 vim
360 1389 547 1460 Laertiadae,
568 1389 742 1448 brevitatem
763 1388 855 1448 vincis
876 1388 1010 1448 Atridae.

280 1489 381 1548 dulcia
400 1505 454 1546 seu
473 1487 568 1545 mavis
589 1487 765 1563 liquidoque
785 1486 910 1546 fluentia
929 1504 1016 1545 cursu

278 1588 378 1658 verba,
399 1604 457 1645 nec
478 1586 600 1655 incluso
622 1586 677 1644 sed
697 1593 800 1662 aperto
821 1585 944 1662 pingere
963 1585 1046 1655 flore,

276 1683 378 1743 inclita
399 1683 539 1742 Nestorei
560 1682 640 1741 cedit
659 1683 713 1740 tibi
732 1683 827 1759 gratia
846 1682 952 1741 melliS.
1142 1668 1146 1675 ’

462 1777 525 1838 Sal.
546 1779 631 1837 Bass.
652 1779 752 1840 Carm.
774 1781 814 1839 ad
835 1779 984 1838 Pisonem.
1005 1777 1114 1855 44-64.

197 1894 389 1938 ELYSIUM.-
397 1876 475 1954 Verg.
495 1875 567 1935 Aen.
589 1876 617 1936 6.
639 1875 792 1953 637-665;
815 1876 888 1936 Stat.
901 1875 954 1935 Sr'l.
968 1893 995 1934 2.
1013 1892 1037 1935 1.
1050 1889 1154 1952 203-5,

358 1974 386 2035 6.
408 1975 531 2053 98-102,
554 1990 581 2051 5.
605 1991 630 2032 1.
654 1988 765 2055 253·7;
791 1972 1155 2049 Val.Flacc.1.833-846.

198 2071 566 2132 nnnnomnnr.—Clauat
587 2072 676 2147 Rapt.
697 2072 776 2130 Pros.
802 2087 825 2130 1.
849 2070 990 2146 244-268‚
1005 2087 1032 2129 2.
1051 2084 1155 2147 iro-54.
1194 2098 1204 2114 x

199 2169 363 2249 nnn-(of
379 2170 432 2230 the
452 2170 555 2255 world)
579 2171 632 2229 Oa
650 2168 722 2227 Met.
747 2186 771 2230 1.
794 2167 887 2245 256·8
898 2189 906 2244 ;
924 2170 994 2228 Luc.
1007 2169 1156 2245 7.812-5.

199 2284 339 2329 ananei.

279 2384 342 2425 non
362 2373 505 2425 contenta
524 2383 579 2423 suo
600 2365 754 2441 generabit
773 2371 895 2441 pectora
916 2382 1016 2439 censu,

279 2470 310 2523 et
330 2462 415 2522 dabit
434 2463 466 2519 in
485 2463 614 2538 praedas
634 2462 751 2520 animos
771 2463 927 2538 solvetque
945 2461 1105 2537 pudorem.

277 2568 394 2620 tantum
415 2560 527 2618 audere
547 2560 665 2617 iuvat..
687 2577 750 2617 non
770 2558 837 2617 illos
858 2558 980 2617 sedibus
999 2557 1101 2616 isdem

281 2658 382 2717 mollia
401 2675 455 2733 per
473 2657 624 2733 placidam
645 2654 798 2714 delectant
818 2655 881 2714 otia
900 2657 1004 2724 vitam,

282 2756 337 2815 sed
358 2755 439 2813 iuvat
459 2754 574 2830 ignotas
594 2772 712 2830 semper
732 2753 855 2812 transire
874 2771 929 2829 per
947 2753 1037 2811 urbes

280 2852 464 2929 scrutarique
483 2869 596 2909 novum
616 2852 746 2928 pelagus,
768 2851 860 2909 totius
881 2859 911 2910 et
931 2868 997 2910 esse

282 2949 362 3011 orbis
381 2950 413 3008 in
434 2949 573 3026 hospitio.

789 3042 900 3104 Manil.
919 3062 947 3118 4.
970 3057 1115 3121 507-514.

204 3143 420 3214 enom-(of
437 3143 508 3216 war)
528 3142 599 3200 Luc.
622 3157 649 3216 3.
671 3140 815 3216 464-473.

203 3239 402 3300 mvn—Oa.
422 3239 494 3299 Met.
517 3255 544 3297 2.
567 3238 711 3316 760-815.

204 3352 409 3396 ETERNITY.-
419 3334 497 3413 Verg.
517 3335 590 3394 Aen.
615 3353 639 3394 1.
661 3335 774 3413 607·9;
801 3335 902 3396 Claud
926 3336 997 3412 Rufi
1022 3351 1048 3394 2.
1071 3349 1138 3411 527.

284 3453 375 3511 quem
394 3434 456 3492 sive
477 3453 515 3492 ex
534 3434 622 3493 nullis
641 3442 828 3510 repetentem
849 3433 967 3492 semina
987 3434 1077 3492 rebus

289 3531 383 3590 natali
403 3548 525 3607 quoque
546 3549 632 3608 egere
651 3532 758 3607 placet,
780 3549 957 3608 semperque
977 3530 1069 3589 fuisse

284 3637 314 3688 et
333 3629 404 3700 fore,
425 3629 572 3706 principio
591 3629 702 3705 pariter
720 3629 843 3705 fatoque
864 3636 1024 3704 carentem.

831 3722 943 3784 Manil.
968 3741 994 3782 1.
1019 3739 1122 3797 122·4.
