<?xml version="1.0" encoding="UTF-8"?>
<!DOCTYPE html PUBLIC "-//W3C//DTD XHTML 1.0 Transitional//EN"
    "http://www.w3.org/TR/xhtml1/DTD/xhtml1-transitional.dtd">
<html xmlns="http://www.w3.org/1999/xhtml" xml:lang="en" lang="en">
 <head>
  <title>
</title>
<meta http-equiv="Content-Type" content="text/html;charset=utf-8" />
  <meta name='ocr-system' content='tesseract 3.04.00' />
  <meta name='ocr-capabilities' content='ocr_page ocr_carea ocr_par ocr_line ocrx_word'/>
</head>
<body>
  <div class='ocr_page' id='page_1' title='image "./poetarumlatinor00benegoog_0133.png"; bbox 0 0 2752 4284; ppageno 0'>
   <div class='ocr_carea' id='block_1_1' title="bbox 585 338 792 388">
    <p class='ocr_par' dir='ltr' id='par_1_1' title="bbox 585 338 792 388">
     <span class='ocr_line' id='line_1_1' title="bbox 585 338 792 388; baseline 0.01 -2"><span class='ocrx_word' id='word_1_1' title='bbox 585 338 792 388; x_wconf 88' lang='lat' dir='ltr'>HER-HES</span> 
     </span>
    </p>
   </div>
   <div class='ocr_carea' id='block_1_2' title="bbox 207 471 1164 746">
    <p class='ocr_par' dir='ltr' id='par_1_2' title="bbox 207 471 1164 746">
     <span class='ocr_line' id='line_1_2' title="bbox 368 471 1164 596; baseline -0.016 -4"><span class='ocrx_word' id='word_1_2' title='bbox 368 479 441 594; x_wconf 69' lang='lat'>3945</span> <span class='ocrx_word' id='word_1_3' title='bbox 462 471 556 576; x_wconf 74' lang='lat' dir='ltr'>Mart.</span> <span class='ocrx_word' id='word_1_4' title='bbox 579 532 606 594; x_wconf 82' lang='grc'>5.</span> <span class='ocrx_word' id='word_1_5' title='bbox 628 516 676 593; x_wconf 82' lang='lat'>65.</span> <span class='ocrx_word' id='word_1_6' title='bbox 692 517 746 589; x_wconf 81' lang='lat'>1-6,</span> <span class='ocrx_word' id='word_1_7' title='bbox 759 535 788 596; x_wconf 85' lang='lat'>9.</span> <span class='ocrx_word' id='word_1_8' title='bbox 803 516 851 589; x_wconf 82' lang='lat'>66,</span> <span class='ocrx_word' id='word_1_9' title='bbox 871 535 1040 595; x_wconf 89' lang='lat' dir='ltr'>102.1-1o;</span> <span class='ocrx_word' id='word_1_10' title='bbox 1061 519 1164 579; x_wconf 86' lang='lat' dir='ltr'><em>Claud.</em></span> 
     </span>
     <span class='ocr_line' id='line_1_3' title="bbox 365 607 905 684; baseline 0 -19"><span class='ocrx_word' id='word_1_11' title='bbox 365 608 463 681; x_wconf 81' lang='lat' dir='ltr'>Praef.</span> <span class='ocrx_word' id='word_1_12' title='bbox 485 609 516 665; x_wconf 86' lang='lat' dir='ltr'>in</span> <span class='ocrx_word' id='word_1_13' title='bbox 537 607 626 684; x_wconf 74' lang='lat' dir='ltr'>Rapt.</span> <span class='ocrx_word' id='word_1_14' title='bbox 648 607 730 665; x_wconf 85' lang='lat' dir='ltr'>Pros.</span> <span class='ocrx_word' id='word_1_15' title='bbox 753 624 780 666; x_wconf 91' lang='lat'>2.</span> <span class='ocrx_word' id='word_1_16' title='bbox 803 607 905 684; x_wconf 81' lang='lat'><strong>29·48.</strong></span> 
     </span>
     <span class='ocr_line' id='line_1_4' title="bbox 207 703 343 746; baseline -0.007 0"><span class='ocrx_word' id='word_1_17' title='bbox 207 703 343 746; x_wconf 78' lang='lat' dir='ltr'><strong>HERMIT.</strong></span> 
     </span>
    </p>
   </div>
   <div class='ocr_carea' id='block_1_3' title="bbox 285 775 1124 2021">
    <p class='ocr_par' dir='ltr' id='par_1_3' title="bbox 285 775 1025 949">
     <span class='ocr_line' id='line_1_5' title="bbox 285 775 950 853; baseline -0.002 -20"><span class='ocrx_word' id='word_1_18' title='bbox 285 775 546 853; x_wconf 84' lang='lat' dir='ltr'>processupelagi</span> <span class='ocrx_word' id='word_1_19' title='bbox 567 775 627 833; x_wconf 90' lang='lat' dir='ltr'>iam</span> <span class='ocrx_word' id='word_1_20' title='bbox 648 793 681 834; x_wconf 93' lang='lat' dir='ltr'>se</span> <span class='ocrx_word' id='word_1_21' title='bbox 702 775 847 850; x_wconf 83' lang='lat' dir='ltr'>Capraria</span> <span class='ocrx_word' id='word_1_22' title='bbox 866 776 950 833; x_wconf 89' lang='lat' dir='ltr'>tollit.</span> 
     </span>
     <span class='ocr_line' id='line_1_6' title="bbox 326 872 1025 949; baseline -0.001 -18"><span class='ocrx_word' id='word_1_23' title='bbox 326 873 443 949; x_wconf 83' lang='lat' dir='ltr'>squalet</span> <span class='ocrx_word' id='word_1_24' title='bbox 463 873 598 949; x_wconf 83' lang='lat' dir='ltr'><strong>lucifugis</strong></span> <span class='ocrx_word' id='word_1_25' title='bbox 619 873 716 931; x_wconf 89' lang='lat' dir='ltr'>insula</span> <span class='ocrx_word' id='word_1_26' title='bbox 736 872 827 949; x_wconf 89' lang='lat' dir='ltr'>plena</span> <span class='ocrx_word' id='word_1_27' title='bbox 847 872 923 930; x_wconf 85' lang='lat' dir='ltr'>viris.</span> <span class='ocrx_word' id='word_1_28' title='bbox 1022 915 1025 920; x_wconf 80' lang='lat'>-</span> 
     </span>
    </p>

    <p class='ocr_par' dir='ltr' id='par_1_4' title="bbox 286 969 1033 1145">
     <span class='ocr_line' id='line_1_7' title="bbox 286 969 1033 1047; baseline 0 -20"><span class='ocrx_word' id='word_1_29' title='bbox 286 969 343 1047; x_wconf 92' lang='lat' dir='ltr'>ipsi</span> <span class='ocrx_word' id='word_1_30' title='bbox 363 988 395 1028; x_wconf 93' lang='lat' dir='ltr'>se</span> <span class='ocrx_word' id='word_1_31' title='bbox 415 970 583 1029; x_wconf 89' lang='lat' dir='ltr'>monachos</span> <span class='ocrx_word' id='word_1_32' title='bbox 604 969 698 1029; x_wconf 87' lang='lat' dir='ltr'>Graio</span> <span class='ocrx_word' id='word_1_33' title='bbox 719 970 899 1047; x_wconf 86' lang='lat' dir='ltr'>cognomine</span> <span class='ocrx_word' id='word_1_34' title='bbox 920 969 1033 1040; x_wconf 87' lang='lat' dir='ltr'>dicunt,</span> 
     </span>
     <span class='ocr_line' id='line_1_8' title="bbox 326 1049 934 1145; baseline -0.003 -19"><span class='ocrx_word' id='word_1_35' title='bbox 326 1049 410 1145; x_wconf 89' lang='lat' dir='ltr'>quod</span> <span class='ocrx_word' id='word_1_36' title='bbox 431 1068 484 1126; x_wconf 89' lang='lat' dir='ltr'>soli</span> <span class='ocrx_word' id='word_1_37' title='bbox 504 1068 587 1125; x_wconf 90' lang='lat' dir='ltr'>nullo</span> <span class='ocrx_word' id='word_1_38' title='bbox 607 1067 706 1125; x_wconf 89' lang='lat' dir='ltr'>vivere</span> <span class='ocrx_word' id='word_1_39' title='bbox 726 1075 801 1125; x_wconf 91' lang='lat' dir='ltr'>teste</span> <span class='ocrx_word' id='word_1_40' title='bbox 822 1067 934 1124; x_wconf 90' lang='lat' dir='ltr'>volunt.</span> 
     </span>
    </p>

    <p class='ocr_par' dir='ltr' id='par_1_5' title="bbox 286 1165 1124 1339">
     <span class='ocr_line' id='line_1_9' title="bbox 286 1165 1123 1223; baseline 0.001 -1"><span class='ocrx_word' id='word_1_41' title='bbox 286 1183 411 1223; x_wconf 89' lang='lat' dir='ltr'>munera</span> <span class='ocrx_word' id='word_1_42' title='bbox 432 1165 569 1223; x_wconf 81' lang='lat' dir='ltr'>fortunae</span> <span class='ocrx_word' id='word_1_43' title='bbox 589 1172 728 1222; x_wconf 87' lang='lat' dir='ltr'>metuunt</span> <span class='ocrx_word' id='word_1_44' title='bbox 748 1165 822 1222; x_wconf 90' lang='lat' dir='ltr'>dum</span> <span class='ocrx_word' id='word_1_45' title='bbox 843 1165 957 1222; x_wconf 88' lang='lat' dir='ltr'>damna</span> <span class='ocrx_word' id='word_1_46' title='bbox 977 1173 1123 1223; x_wconf 89' lang='lat' dir='ltr'>verentur.</span> 
     </span>
     <span class='ocr_line' id='line_1_10' title="bbox 327 1261 1124 1339; baseline 0.003 -21"><span class='ocrx_word' id='word_1_47' title='bbox 327 1263 486 1338; x_wconf 87' lang='lat' dir='ltr'>quisquam</span> <span class='ocrx_word' id='word_1_48' title='bbox 506 1269 615 1337; x_wconf 88' lang='lat' dir='ltr'>sponte</span> <span class='ocrx_word' id='word_1_49' title='bbox 635 1261 733 1331; x_wconf 90' lang='lat' dir='ltr'>miser,</span> <span class='ocrx_word' id='word_1_50' title='bbox 755 1280 794 1319; x_wconf 92' lang='lat' dir='ltr'>ne</span> <span class='ocrx_word' id='word_1_51' title='bbox 815 1261 905 1319; x_wconf 85' lang='lat' dir='ltr'>miser</span> <span class='ocrx_word' id='word_1_52' title='bbox 925 1279 991 1320; x_wconf 88' lang='lat' dir='ltr'>esse</span> <span class='ocrx_word' id='word_1_53' title='bbox 1012 1264 1124 1339; x_wconf 85' lang='lat' dir='ltr'>queat?</span> 
     </span>
    </p>

    <p class='ocr_par' dir='ltr' id='par_1_6' title="bbox 287 1357 1070 1532">
     <span class='ocr_line' id='line_1_11' title="bbox 287 1357 1043 1434; baseline 0.001 -20"><span class='ocrx_word' id='word_1_54' title='bbox 287 1375 438 1434; x_wconf 88' lang='lat' dir='ltr'>quaenam</span> <span class='ocrx_word' id='word_1_55' title='bbox 459 1358 590 1434; x_wconf 87' lang='lat' dir='ltr'>perversi</span> <span class='ocrx_word' id='word_1_56' title='bbox 609 1357 707 1417; x_wconf 88' lang='lat' dir='ltr'>rabies</span> <span class='ocrx_word' id='word_1_57' title='bbox 728 1367 790 1415; x_wconf 91' lang='lat' dir='ltr'>tam</span> <span class='ocrx_word' id='word_1_58' title='bbox 812 1359 901 1416; x_wconf 89' lang='lat' dir='ltr'>stulta</span> <span class='ocrx_word' id='word_1_59' title='bbox 922 1359 1043 1429; x_wconf 86' lang='lat' dir='ltr'>cerebri,</span> 
     </span>
     <span class='ocr_line' id='line_1_12' title="bbox 327 1455 1070 1532; baseline 0.005 -21"><span class='ocrx_word' id='word_1_60' title='bbox 327 1455 400 1512; x_wconf 91' lang='lat' dir='ltr'>dum</span> <span class='ocrx_word' id='word_1_61' title='bbox 421 1456 500 1513; x_wconf 89' lang='lat' dir='ltr'>mala</span> <span class='ocrx_word' id='word_1_62' title='bbox 520 1455 672 1526; x_wconf 84' lang='lat' dir='ltr'>formides,</span> <span class='ocrx_word' id='word_1_63' title='bbox 694 1473 752 1513; x_wconf 88' lang='lat' dir='ltr'>nec</span> <span class='ocrx_word' id='word_1_64' title='bbox 772 1456 855 1513; x_wconf 90' lang='lat' dir='ltr'>bona</span> <span class='ocrx_word' id='word_1_65' title='bbox 875 1474 964 1532; x_wconf 87' lang='lat' dir='ltr'>posse</span> <span class='ocrx_word' id='word_1_66' title='bbox 985 1457 1070 1532; x_wconf 82' lang='lat' dir='ltr'>pati?</span> 
     </span>
    </p>

    <p class='ocr_par' dir='ltr' id='par_1_7' title="bbox 286 1551 1053 1727">
     <span class='ocr_line' id='line_1_13' title="bbox 286 1551 1053 1630; baseline 0.004 -21"><span class='ocrx_word' id='word_1_67' title='bbox 286 1551 349 1610; x_wconf 92' lang='lat' dir='ltr'>sive</span> <span class='ocrx_word' id='word_1_68' title='bbox 369 1571 437 1611; x_wconf 92' lang='lat' dir='ltr'>suas</span> <span class='ocrx_word' id='word_1_69' title='bbox 458 1560 597 1629; x_wconf 89' lang='lat' dir='ltr'>repetunt</span> <span class='ocrx_word' id='word_1_70' title='bbox 618 1572 656 1611; x_wconf 89' lang='lat' dir='ltr'>ex</span> <span class='ocrx_word' id='word_1_71' title='bbox 676 1553 739 1610; x_wconf 89' lang='lat' dir='ltr'>fato</span> <span class='ocrx_word' id='word_1_72' title='bbox 761 1554 908 1629; x_wconf 84' lang='lat' dir='ltr'>ergastula</span> <span class='ocrx_word' id='word_1_73' title='bbox 928 1571 1053 1630; x_wconf 72' lang='lat' dir='ltr'>poenas</span> 
     </span>
     <span class='ocr_line' id='line_1_14' title="bbox 325 1650 964 1727; baseline 0 -20"><span class='ocrx_word' id='word_1_74' title='bbox 325 1650 419 1709; x_wconf 89' lang='lat' dir='ltr'>tristia</span> <span class='ocrx_word' id='word_1_75' title='bbox 439 1669 492 1708; x_wconf 93' lang='lat' dir='ltr'>seu</span> <span class='ocrx_word' id='word_1_76' title='bbox 513 1651 596 1727; x_wconf 85' lang='lat' dir='ltr'>nigro</span> <span class='ocrx_word' id='word_1_77' title='bbox 617 1650 730 1709; x_wconf 89' lang='lat' dir='ltr'>viscera</span> <span class='ocrx_word' id='word_1_78' title='bbox 750 1650 819 1709; x_wconf 88' lang='lat' dir='ltr'>felle</span> <span class='ocrx_word' id='word_1_79' title='bbox 840 1659 964 1709; x_wconf 90' lang='lat' dir='ltr'>tument.</span> 
     </span>
    </p>

    <p class='ocr_par' dir='ltr' id='par_1_8' title="bbox 285 1747 1062 1922">
     <span class='ocr_line' id='line_1_15' title="bbox 285 1747 1062 1825; baseline 0.003 -19"><span class='ocrx_word' id='word_1_80' title='bbox 285 1747 328 1806; x_wconf 93' lang='lat' dir='ltr'>sic</span> <span class='ocrx_word' id='word_1_81' title='bbox 349 1749 461 1807; x_wconf 88' lang='lat' dir='ltr'>nimiae</span> <span class='ocrx_word' id='word_1_82' title='bbox 481 1749 547 1806; x_wconf 92' lang='lat' dir='ltr'>bilis</span> <span class='ocrx_word' id='word_1_83' title='bbox 567 1749 706 1807; x_wconf 89' lang='lat' dir='ltr'>morbum</span> <span class='ocrx_word' id='word_1_84' title='bbox 728 1749 888 1825; x_wconf 83' lang='lat' dir='ltr'>assignavit</span> <span class='ocrx_word' id='word_1_85' title='bbox 909 1748 1062 1808; x_wconf 86' lang='lat' dir='ltr'>Homerus</span> 
     </span>
     <span class='ocr_line' id='line_1_16' title="bbox 327 1845 868 1922; baseline 0.002 -19"><span class='ocrx_word' id='word_1_86' title='bbox 327 1845 585 1922; x_wconf 86' lang='lat' dir='ltr'>Bellerophonteis</span> <span class='ocrx_word' id='word_1_87' title='bbox 606 1846 854 1904; x_wconf 89' lang='lat' dir='ltr'>sollicitudinibus</span> <span class='ocrx_word' id='word_1_88' title='bbox 860 1867 868 1920; x_wconf 91' lang='lat'>;</span> 
     </span>
    </p>

    <p class='ocr_par' dir='ltr' id='par_1_9' title="bbox 286 1934 1038 2021">
     <span class='ocr_line' id='line_1_17' title="bbox 286 1934 1038 2021; baseline 0.001 -20"><span class='ocrx_word' id='word_1_89' title='bbox 286 1962 357 2002; x_wconf 89' lang='lat' dir='ltr'>nam</span> <span class='ocrx_word' id='word_1_90' title='bbox 378 1945 479 2003; x_wconf 88' lang='lat' dir='ltr'>iuveni</span> <span class='ocrx_word' id='word_1_91' title='bbox 500 1945 625 2014; x_wconf 82' lang='lat' dir='ltr'>offense,</span> <span class='ocrx_word' id='word_1_92' title='bbox 647 1945 729 2009; x_wconf 90' lang='lat' dir='ltr'>saevi</span> <span class='ocrx_word' id='word_1_93' title='bbox 748 1934 818 2021; x_wconf 83' lang='lat' dir='ltr'>post</span> <span class='ocrx_word' id='word_1_94' title='bbox 838 1945 898 2003; x_wconf 88' lang='lat' dir='ltr'>tela</span> <span class='ocrx_word' id='word_1_95' title='bbox 919 1945 1038 2015; x_wconf 89' lang='lat' dir='ltr'>doloris,</span> 
     </span>
    </p>
   </div>
   <div class='ocr_carea' id='block_1_4' title="bbox 326 2042 1120 2209">
    <p class='ocr_par' dir='ltr' id='par_1_10' title="bbox 326 2042 1120 2209">
     <span class='ocr_line' id='line_1_18' title="bbox 326 2042 950 2120; baseline 0.002 -21"><span class='ocrx_word' id='word_1_96' title='bbox 326 2042 433 2100; x_wconf 89' lang='lat' dir='ltr'>dicitur</span> <span class='ocrx_word' id='word_1_97' title='bbox 453 2042 619 2100; x_wconf 89' lang='lat' dir='ltr'>humanum</span> <span class='ocrx_word' id='word_1_98' title='bbox 640 2043 827 2120; x_wconf 83' lang='lat' dir='ltr'>displicuisse</span> <span class='ocrx_word' id='word_1_99' title='bbox 846 2061 950 2119; x_wconf 88' lang='lat' dir='ltr'>genus.</span> 
     </span>
     <span class='ocr_line' id='line_1_19' title="bbox 719 2131 1120 2209; baseline 0.007 -20"><span class='ocrx_word' id='word_1_100' title='bbox 719 2131 813 2189; x_wconf 75' lang='lat' dir='ltr'>Rutr&#39;l.</span> <span class='ocrx_word' id='word_1_101' title='bbox 834 2131 905 2190; x_wconf 77' lang='lat' dir='ltr'>Irin.</span> <span class='ocrx_word' id='word_1_102' title='bbox 931 2148 955 2190; x_wconf 91' lang='lat'>1.</span> <span class='ocrx_word' id='word_1_103' title='bbox 977 2145 1120 2209; x_wconf 76' lang='grc'>439-452.</span> 
     </span>
    </p>
   </div>
   <div class='ocr_carea' id='block_1_5' title="bbox 206 2228 1122 3638">
    <p class='ocr_par' dir='ltr' id='par_1_11' title="bbox 206 2228 1122 3638">
     <span class='ocr_line' id='line_1_20' title="bbox 285 2228 1058 2304; baseline 0.003 -18"><span class='ocrx_word' id='word_1_104' title='bbox 285 2245 404 2286; x_wconf 86' lang='lat' dir='ltr'>aversor</span> <span class='ocrx_word' id='word_1_105' title='bbox 425 2228 564 2304; x_wconf 83' lang='lat' dir='ltr'>scopulis,</span> <span class='ocrx_word' id='word_1_106' title='bbox 587 2230 690 2287; x_wconf 90' lang='lat' dir='ltr'>damni</span> <span class='ocrx_word' id='word_1_107' title='bbox 710 2229 899 2287; x_wconf 87' lang='lat' dir='ltr'>monimenta</span> <span class='ocrx_word' id='word_1_108' title='bbox 919 2230 1058 2302; x_wconf 87' lang='lat' dir='ltr'>recentis;</span> 
     </span>
     <span class='ocr_line' id='line_1_21' title="bbox 325 2326 926 2403; baseline 0 -19"><span class='ocrx_word' id='word_1_109' title='bbox 325 2327 460 2403; x_wconf 89' lang='lat' dir='ltr'>perditus</span> <span class='ocrx_word' id='word_1_110' title='bbox 480 2327 530 2384; x_wconf 92' lang='lat' dir='ltr'>hic</span> <span class='ocrx_word' id='word_1_111' title='bbox 551 2327 619 2385; x_wconf 96' lang='lat' dir='ltr'>vivo</span> <span class='ocrx_word' id='word_1_112' title='bbox 639 2327 743 2384; x_wconf 93' lang='lat' dir='ltr'>funere</span> <span class='ocrx_word' id='word_1_113' title='bbox 763 2326 834 2384; x_wconf 91' lang='lat' dir='ltr'>civis</span> <span class='ocrx_word' id='word_1_114' title='bbox 855 2335 926 2385; x_wconf 91' lang='lat' dir='ltr'>erat.</span> 
     </span>
     <span class='ocr_line' id='line_1_22' title="bbox 285 2424 1068 2501; baseline 0 -19"><span class='ocrx_word' id='word_1_115' title='bbox 285 2432 387 2482; x_wconf 90' lang='lat' dir='ltr'>noster</span> <span class='ocrx_word' id='word_1_116' title='bbox 408 2425 488 2482; x_wconf 87' lang='lat' dir='ltr'>enim</span> <span class='ocrx_word' id='word_1_117' title='bbox 509 2443 613 2500; x_wconf 86' lang='lat' dir='ltr'>nuper,</span> <span class='ocrx_word' id='word_1_118' title='bbox 635 2424 750 2483; x_wconf 91' lang='lat' dir='ltr'>iuvenis</span> <span class='ocrx_word' id='word_1_119' title='bbox 771 2424 934 2483; x_wconf 88' lang='lat' dir='ltr'>maioribus</span> <span class='ocrx_word' id='word_1_120' title='bbox 955 2425 1068 2501; x_wconf 89' lang='lat' dir='ltr'>amplis,</span> 
     </span>
     <span class='ocr_line' id='line_1_23' title="bbox 325 2522 962 2599; baseline 0.003 -21"><span class='ocrx_word' id='word_1_121' title='bbox 325 2540 383 2580; x_wconf 90' lang='lat' dir='ltr'>nec</span> <span class='ocrx_word' id='word_1_122' title='bbox 403 2540 497 2580; x_wconf 92' lang='lat' dir='ltr'>censu</span> <span class='ocrx_word' id='word_1_123' title='bbox 517 2522 637 2580; x_wconf 87' lang='lat' dir='ltr'>inferior</span> <span class='ocrx_word' id='word_1_124' title='bbox 658 2522 836 2599; x_wconf 84' lang='lat' dir='ltr'>coniugiove</span> <span class='ocrx_word' id='word_1_125' title='bbox 856 2523 962 2593; x_wconf 90' lang='lat' dir='ltr'>minor,</span> 
     </span>
     <span class='ocr_line' id='line_1_24' title="bbox 285 2619 999 2697; baseline 0.004 -21"><span class='ocrx_word' id='word_1_126' title='bbox 285 2619 430 2696; x_wconf 90' lang='lat' dir='ltr'>impulsus</span> <span class='ocrx_word' id='word_1_127' title='bbox 451 2620 531 2679; x_wconf 90' lang='lat' dir='ltr'>furiis</span> <span class='ocrx_word' id='word_1_128' title='bbox 552 2620 691 2679; x_wconf 89' lang='lat' dir='ltr'>homines</span> <span class='ocrx_word' id='word_1_129' title='bbox 713 2621 859 2697; x_wconf 91' lang='lat' dir='ltr'>divosque</span> <span class='ocrx_word' id='word_1_130' title='bbox 880 2621 999 2697; x_wconf 90' lang='lat' dir='ltr'>reliquit</span> 
     </span>
     <span class='ocr_line' id='line_1_25' title="bbox 326 2716 1037 2794; baseline 0.003 -19"><span class='ocrx_word' id='word_1_131' title='bbox 326 2726 356 2776; x_wconf 89' lang='lat' dir='ltr'>et</span> <span class='ocrx_word' id='word_1_132' title='bbox 376 2727 493 2794; x_wconf 87' lang='lat' dir='ltr'>turpem</span> <span class='ocrx_word' id='word_1_133' title='bbox 515 2719 659 2777; x_wconf 89' lang='lat' dir='ltr'>latebram</span> <span class='ocrx_word' id='word_1_134' title='bbox 681 2719 820 2777; x_wconf 92' lang='lat' dir='ltr'>credulus</span> <span class='ocrx_word' id='word_1_135' title='bbox 841 2720 925 2777; x_wconf 87' lang='lat' dir='ltr'>exsul</span> <span class='ocrx_word' id='word_1_136' title='bbox 946 2716 1037 2777; x_wconf 86' lang='lat' dir='ltr'>amat.</span> 
     </span>
     <span class='ocr_line' id='line_1_26' title="bbox 284 2815 884 2893; baseline 0.003 -21"><span class='ocrx_word' id='word_1_137' title='bbox 284 2815 388 2873; x_wconf 84' lang='lat' dir='ltr'>infelix</span> <span class='ocrx_word' id='word_1_138' title='bbox 407 2824 493 2892; x_wconf 87' lang='lat' dir='ltr'>putat</span> <span class='ocrx_word' id='word_1_139' title='bbox 513 2816 612 2874; x_wconf 87' lang='lat' dir='ltr'>illuvie</span> <span class='ocrx_word' id='word_1_140' title='bbox 632 2816 772 2875; x_wconf 88' lang='lat' dir='ltr'>caelestia</span> <span class='ocrx_word' id='word_1_141' title='bbox 792 2816 884 2893; x_wconf 91' lang='lat' dir='ltr'>pasci,</span> 
     </span>
     <span class='ocr_line' id='line_1_27' title="bbox 325 2914 973 2990; baseline -0.002 -17"><span class='ocrx_word' id='word_1_142' title='bbox 325 2932 419 2990; x_wconf 89' lang='lat' dir='ltr'>seque</span> <span class='ocrx_word' id='word_1_143' title='bbox 438 2915 548 2990; x_wconf 88' lang='lat' dir='ltr'>premit</span> <span class='ocrx_word' id='word_1_144' title='bbox 569 2914 655 2972; x_wconf 91' lang='lat' dir='ltr'>laesis</span> <span class='ocrx_word' id='word_1_145' title='bbox 677 2914 794 2972; x_wconf 87' lang='lat' dir='ltr'>saevior</span> <span class='ocrx_word' id='word_1_146' title='bbox 814 2915 877 2990; x_wconf 88' lang='lat' dir='ltr'>ipse</span> <span class='ocrx_word' id='word_1_147' title='bbox 899 2915 973 2972; x_wconf 83' lang='lat' dir='ltr'>deis</span> 
     </span>
     <span class='ocr_line' id='line_1_28' title="bbox 286 3011 1036 3088; baseline -0.001 -19"><span class='ocrx_word' id='word_1_148' title='bbox 286 3030 358 3082; x_wconf 91' lang='lat' dir='ltr'>non,</span> <span class='ocrx_word' id='word_1_149' title='bbox 380 3030 461 3088; x_wconf 85' lang='lat' dir='ltr'>rogo,</span> <span class='ocrx_word' id='word_1_150' title='bbox 484 3012 615 3070; x_wconf 86' lang='lat' dir='ltr'>deterior</span> <span class='ocrx_word' id='word_1_151' title='bbox 635 3012 767 3071; x_wconf 86' lang='lat' dir='ltr'>Circaeis</span> <span class='ocrx_word' id='word_1_152' title='bbox 787 3020 870 3070; x_wconf 88' lang='lat' dir='ltr'>secta</span> <span class='ocrx_word' id='word_1_153' title='bbox 890 3011 1036 3070; x_wconf 83' lang='lat' dir='ltr'>venenis?</span> 
     </span>
     <span class='ocr_line' id='line_1_29' title="bbox 301 3110 996 3186; baseline 0 -20"><span class='ocrx_word' id='word_1_154' title='bbox 301 3151 305 3157; x_wconf 84' lang='lat'><em>.</em></span> <span class='ocrx_word' id='word_1_155' title='bbox 326 3118 397 3168; x_wconf 88' lang='lat' dir='ltr'>tunc</span> <span class='ocrx_word' id='word_1_156' title='bbox 418 3110 612 3168; x_wconf 90' lang='lat' dir='ltr'>mutabantur</span> <span class='ocrx_word' id='word_1_157' title='bbox 633 3128 768 3186; x_wconf 88' lang='lat' dir='ltr'>corpora,</span> <span class='ocrx_word' id='word_1_158' title='bbox 791 3128 872 3168; x_wconf 90' lang='lat' dir='ltr'>nunc</span> <span class='ocrx_word' id='word_1_159' title='bbox 894 3110 996 3168; x_wconf 91' lang='lat' dir='ltr'>animi.</span> 
     </span>
     <span class='ocr_line' id='line_1_30' title="bbox 907 3194 1122 3273; baseline 0.005 -19"><span class='ocrx_word' id='word_1_160' title='bbox 907 3198 954 3254; x_wconf 87' lang='lat' dir='ltr'>Id.</span> <span class='ocrx_word' id='word_1_161' title='bbox 978 3194 1122 3273; x_wconf 82' lang='lat'><strong>517-526.</strong></span> 
     </span>
     <span class='ocr_line' id='line_1_31' title="bbox 206 3293 1098 3370; baseline 0.002 -18"><span class='ocrx_word' id='word_1_162' title='bbox 206 3295 505 3354; x_wconf 76' lang='lat' dir='ltr'>nssrrnmou—Oa.</span> <span class='ocrx_word' id='word_1_163' title='bbox 527 3293 600 3352; x_wconf 81' lang='lat' dir='ltr'>Her.</span> <span class='ocrx_word' id='word_1_164' title='bbox 623 3293 650 3353; x_wconf 85' lang='lat'>6.</span> <span class='ocrx_word' id='word_1_165' title='bbox 675 3294 764 3370; x_wconf 81' lang='lat'><strong>23-63</strong></span> <span class='ocrx_word' id='word_1_166' title='bbox 785 3296 870 3353; x_wconf 86' lang='lat' dir='ltr'>Pont.</span> <span class='ocrx_word' id='word_1_167' title='bbox 893 3312 921 3369; x_wconf 86' lang='lat'>4.</span> <span class='ocrx_word' id='word_1_168' title='bbox 947 3311 992 3355; x_wconf 89' lang='lat'>12.</span> <span class='ocrx_word' id='word_1_169' title='bbox 1015 3294 1098 3369; x_wconf 79' lang='lat'>43-6.</span> 
     </span>
     <span class='ocr_line' id='line_1_32' title="bbox 286 3383 1010 3460; baseline -0.001 -17"><span class='ocrx_word' id='word_1_170' title='bbox 286 3383 399 3456; x_wconf 76' lang='lat' dir='ltr'>exsili0,</span> <span class='ocrx_word' id='word_1_171' title='bbox 421 3392 450 3442; x_wconf 92' lang='lat' dir='ltr'>et</span> <span class='ocrx_word' id='word_1_172' title='bbox 470 3385 598 3460; x_wconf 90' lang='lat' dir='ltr'>pedibus</span> <span class='ocrx_word' id='word_1_173' title='bbox 619 3385 708 3442; x_wconf 90' lang='lat' dir='ltr'>nudis</span> <span class='ocrx_word' id='word_1_174' title='bbox 729 3385 891 3460; x_wconf 85' lang='lat' dir='ltr'>tunicaque</span> <span class='ocrx_word' id='word_1_175' title='bbox 912 3385 1010 3442; x_wconf 88' lang='lat' dir='ltr'>soluta</span> 
     </span>
     <span class='ocr_line' id='line_1_33' title="bbox 326 3473 1028 3549; baseline -0.004 -17"><span class='ocrx_word' id='word_1_176' title='bbox 326 3491 417 3532; x_wconf 90' lang='lat' dir='ltr'>omne</span> <span class='ocrx_word' id='word_1_177' title='bbox 437 3473 492 3531; x_wconf 91' lang='lat' dir='ltr'>iter</span> <span class='ocrx_word' id='word_1_178' title='bbox 512 3474 655 3549; x_wconf 85' lang='lat' dir='ltr'>impedio,</span> <span class='ocrx_word' id='word_1_179' title='bbox 677 3474 792 3531; x_wconf 90' lang='lat' dir='ltr'>nullum</span> <span class='ocrx_word' id='word_1_180' title='bbox 812 3474 868 3531; x_wconf 88' lang='lat' dir='ltr'>iter</span> <span class='ocrx_word' id='word_1_181' title='bbox 888 3473 1028 3548; x_wconf 85' lang='lat' dir='ltr'>expedio.</span> 
     </span>
     <span class='ocr_line' id='line_1_34' title="bbox 235 3561 1117 3638; baseline 0.005 -24"><span class='ocrx_word' id='word_1_182' title='bbox 235 3608 238 3614; x_wconf 94' lang='lat'>.</span> <span class='ocrx_word' id='word_1_183' title='bbox 285 3580 366 3619; x_wconf 87' lang='lat' dir='ltr'>nunc</span> <span class='ocrx_word' id='word_1_184' title='bbox 387 3580 524 3638; x_wconf 84' lang='lat' dir='ltr'>propero,</span> <span class='ocrx_word' id='word_1_185' title='bbox 547 3581 628 3619; x_wconf 92' lang='lat' dir='ltr'>nunc</span> <span class='ocrx_word' id='word_1_186' title='bbox 648 3562 690 3620; x_wconf 88' lang='lat' dir='ltr'>ire</span> <span class='ocrx_word' id='word_1_187' title='bbox 710 3563 800 3638; x_wconf 84' lang='lat' dir='ltr'>piget,</span> <span class='ocrx_word' id='word_1_188' title='bbox 822 3580 999 3637; x_wconf 89' lang='lat' dir='ltr'>rursumque</span> <span class='ocrx_word' id='word_1_189' title='bbox 1020 3561 1117 3618; x_wconf 90' lang='lat' dir='ltr'>redire</span> 
     </span>
    </p>
   </div>
   <div class='ocr_carea' id='block_1_6' title="bbox 325 3651 1120 3815">
    <p class='ocr_par' dir='ltr' id='par_1_12' title="bbox 325 3651 1120 3815">
     <span class='ocr_line' id='line_1_35' title="bbox 325 3651 1001 3728; baseline -0.003 -18"><span class='ocrx_word' id='word_1_190' title='bbox 325 3652 468 3728; x_wconf 82' lang='lat' dir='ltr'>paenitet,</span> <span class='ocrx_word' id='word_1_191' title='bbox 490 3660 520 3709; x_wconf 88' lang='lat' dir='ltr'>et</span> <span class='ocrx_word' id='word_1_192' title='bbox 540 3653 638 3727; x_wconf 92' lang='lat' dir='ltr'>pudor</span> <span class='ocrx_word' id='word_1_193' title='bbox 659 3659 704 3709; x_wconf 87' lang='lat' dir='ltr'>est</span> <span class='ocrx_word' id='word_1_194' title='bbox 724 3661 802 3710; x_wconf 87' lang='lat' dir='ltr'>stare</span> <span class='ocrx_word' id='word_1_195' title='bbox 822 3651 870 3708; x_wconf 89' lang='lat' dir='ltr'>via</span> <span class='ocrx_word' id='word_1_196' title='bbox 890 3651 1001 3708; x_wconf 89' lang='lat' dir='ltr'>media.</span> 
     </span>
     <span class='ocr_line' id='line_1_36' title="bbox 784 3735 1120 3815; baseline 0 -19"><span class='ocrx_word' id='word_1_197' title='bbox 784 3739 912 3796; x_wconf 70' lang='lat' dir='ltr'>Patron?</span> <span class='ocrx_word' id='word_1_198' title='bbox 933 3738 1049 3815; x_wconf 81' lang='lat' dir='ltr'>Fragm.</span> <span class='ocrx_word' id='word_1_199' title='bbox 1072 3735 1120 3812; x_wconf 87' lang='lat'>38.</span> 
     </span>
    </p>
   </div>
   <div class='ocr_carea' id='block_1_7' title="bbox 0 0 1380 4284">
    <p class='ocr_par' dir='ltr' id='par_1_13' title="bbox 0 0 1380 4284">
     <span class='ocr_line' id='line_1_37' title="bbox 0 0 1380 4284; baseline 0 0"><span class='ocrx_word' id='word_1_200' title='bbox 0 0 1380 4284; x_wconf 95' lang='lat' dir='ltr'> </span> 
     </span>
    </p>
   </div>
  </div>
 </body>
</html>
