2752 4284
601 302 790 353 CHA-CIC

286 479 434 538 fidentem
454 496 571 556 camp0,
593 497 675 538 nunc
697 489 784 538 metae
803 501 941 538 occurrere
961 489 1044 551 curte,

286 594 433 654 spemque
455 577 511 635 sub
533 585 666 637 extremo
688 578 811 638 dubiam
831 579 1017 655 suspendere
1036 595 1117 637 casu.

840 675 950 734 Manil.
972 689 1000 752 5.
1022 674 1126 752 73·84.

206 786 393 832 cannon—
406 770 483 849 Verg.
503 769 575 830 Aen.
597 768 625 831 6.
647 771 793 850 298-304.

207 885 315 930 cunss

285 976 317 1028 te
336 967 361 1026 si
383 967 459 1026 forte
479 967 561 1027 iuvat
581 968 747 1027 studiorum
767 969 904 1046 pondere
924 967 1034 1027 fessum

286 1084 350 1125 non
371 1067 512 1143 languere
532 1074 635 1125 tamen
655 1068 797 1143 lususque
817 1085 939 1125 movere
959 1083 1013 1142 per
1032 1073 1135 1136 artem,

286 1163 442 1223 callidiore
461 1164 556 1223 modo
577 1165 678 1223 tabula
699 1164 828 1223 variatur
847 1170 953 1240 aperta

286 1262 427 1330 calculus,
449 1268 479 1319 et
499 1261 593 1320 vitreo
613 1270 794 1338 peraguntur
813 1261 905 1319 milite
926 1260 1013 1330 bella,

285 1366 319 1417 ut
339 1358 448 1417 niveus
469 1358 578 1436 nigros,
600 1377 681 1418 nunc
702 1367 732 1418 et
752 1359 835 1437 niger
854 1359 953 1435 alliget
972 1358 1066 1416 albos.

286 1457 341 1516 sed
358 1455 415 1514 tibi
430 1455 497 1533 quis
510 1474 574 1514 non
587 1464 670 1534 terga
684 1457 789 1515 dedit?
805 1453 871 1533 quis
884 1464 915 1514 te
929 1457 1007 1514 duce
1021 1455 1109 1519 cessit

288 1553 442 1611 calculus?
461 1560 513 1611 aut
527 1554 593 1629 quis
608 1573 671 1612 non
684 1554 831 1630 periturus
843 1553 977 1629 perdidit
989 1552 1129 1612 hostem?

288 1651 370 1710 mille
394 1651 495 1710 modis
515 1651 595 1710 acies
615 1659 667 1711 tua
687 1651 825 1726 dimicat3
847 1651 896 1710 ille
916 1658 1069 1728 petentem

289 1749 363 1806 dum
386 1748 468 1826 fugit,
490 1749 554 1826 ipse
575 1749 666 1826 rapit;
689 1751 780 1827 longo
800 1749 883 1808 venit
902 1749 951 1807 ille
971 1765 1097 1818 recessu,

290 1847 343 1924 qui
363 1847 445 1906 stetit
464 1847 496 1904 in
516 1848 656 1924 speculis;
677 1848 727 1907 hic
748 1865 781 1906 se
801 1847 986 1906 committere
1006 1846 1089 1905 rixae

289 1946 389 2015 audet,
412 1951 442 2003 et
462 1944 494 2002 in
513 1946 658 2021 praedam
679 1945 850 2004 venientem
868 1945 981 2021 decipit
1000 1944 1128 2003 hostem.

290 2042 438 2119 ancipites
459 2043 539 2101 subit
559 2044 608 2102 ille
627 2061 735 2114 moras,
757 2043 919 2128 similisque
938 2043 1029 2119 ligato

290 2141 405 2217 obligat
425 2139 490 2218 ipse
511 2143 599 2200 duos:
621 2141 672 2200 hic
692 2142 732 2200 ad
754 2141 868 2199 maiora
888 2148 1034 2216 movetur,

289 2245 323 2296 ut
345 2238 421 2296 citus
443 2246 473 2297 et
493 2238 585 2297 fracta
605 2247 780 2316 prorumpat
800 2238 833 2297 in
855 2238 976 2316 agmina
992 2239 1127 2308 mandra,

291 2336 454 2413 clausaque
474 2336 592 2395 deiecto
612 2338 772 2414 populetur
791 2337 914 2396 moenia
933 2337 1021 2395 vallo.

289 2433 405 2493 interea
424 2434 513 2493 sectis
533 2436 669 2511 quamvis
689 2435 833 2495 acerrima
853 2442 974 2513 surgant

290 2530 404 2607 proelia
424 2531 575 2604 militibus,
596 2533 687 2610 plena
707 2541 809 2591 tamen
830 2532 894 2609 ipse
913 2532 1072 2609 phalange,

290 2634 343 2686 aut
363 2627 454 2686 etiam
473 2647 572 2705 pauco
592 2630 719 2706 spoliata
739 2630 841 2701 milite,
862 2629 958 2688 vincis

290 2732 320 2784 et
341 2725 396 2783 tibi
416 2727 536 2802 captiva
555 2735 675 2786 resonat
694 2735 949 2805 manusutraque
969 2728 1065 2786 turba.

471 2823 533 2883 Sal.
548 2825 632 2882 Bass.
648 2825 748 2884 Carm.
763 2827 803 2885 ad
817 2825 968 2884 Pisonem.
987 2821 1128 2900 178·196.

211 2922 531 3001 cumcuma-Cam
553 2923 611 2983 Sic.
633 2939 660 2982 2.
686 2923 769 3000 8²·3·

212 3035 337 3080 creone.

292 3128 365 3178 tunc
385 3120 512 3178 redeunt
532 3119 641 3178 animis
661 3119 794 3196 ingentia
815 3118 944 3178 consulis
964 3126 1033 3177 acta

296 3217 471 3294 iurataeque
490 3235 606 3287 manus,
628 3218 838 3294 deprensaque
858 3217 982 3276 foedera
1002 3233 1109 3286 noxae,

295 3315 515 3392 patriciumque
535 3316 619 3374 nefas
640 3316 828 3386 exstinctum,
850 3323 881 3374 et
900 3333 1001 3392 poena
1015 3313 1149 3391 Cethegi,

295 3413 490 3490 deiectusque
511 3413 588 3471 redit
607 3414 684 3472 votis
705 3413 836 3472 Catilina
855 3413 1003 3472 nefandis.

296 3510 370 3587 quid
392 3511 475 3569 favor
495 3518 547 3569 aut
566 3512 691 3569 coetus?
711 3511 794 3587 pleni
815 3511 888 3588 quid
910 3511 1075 3570 honoribus
1099 3509 1171 3568 anni

292 3608 488 3684 profuerunt?
510 3609 599 3666 sacris
620 3594 726 3667 exacta
747 3609 820 3684 quid
842 3608 953 3667 artibus
974 3608 1077 3666 aetas?

294 3706 416 3766 abstulit
435 3724 496 3764 una
516 3706 581 3764 dies
602 3706 667 3765 aevi
689 3707 791 3777 decus,
813 3706 932 3782 ictaque
952 3706 1032 3764 luctu
